{
  "timestamp": "2025-05-15T08:54:05.135Z",
  "symbol": "BTC/USDT",
  "type": "BUY",
  "amount": "0.001467",
  "price": "102253.270000",
  "portfolio": {
    "USDT": 850,
    "BTC": 0.0014654788057144772,
    "ETH": 0,
    "DOGE": 0,
    "SHIB": 0,
    "PEPE": 0,
    "WIF": 0,
    "FLOKI": 0,
    "BONK": 0,
    "SOL": 0,
    "AVAX": 0,
    "MATIC": 0,
    "XRP": 0,
    "ADA": 0,
    "DOT": 0,
    "LINK": 0,
    "NEAR": 0,
    "APT": 0,
    "RNDR": 0,
    "ARB": 0,
    "SUI": 0
  }
}
{
  "timestamp": "2025-05-15T08:54:06.480Z",
  "symbol": "ETH/USDT",
  "type": "BUY",
  "amount": "0.049787",
  "price": "2560.900000",
  "portfolio": {
    "USDT": 722.5,
    "BTC": 0.0014654788057144772,
    "ETH": 0.049737397008864065,
    "DOGE": 0,
    "SHIB": 0,
    "PEPE": 0,
    "WIF": 0,
    "FLOKI": 0,
    "BONK": 0,
    "SOL": 0,
    "AVAX": 0,
    "MATIC": 0,
    "XRP": 0,
    "ADA": 0,
    "DOT": 0,
    "LINK": 0,
    "NEAR": 0,
    "APT": 0,
    "RNDR": 0,
    "ARB": 0,
    "SUI": 0
  }
}
{
  "timestamp": "2025-05-15T08:54:07.330Z",
  "symbol": "DOGE/USDT",
  "type": "BUY",
  "amount": "474.371881",
  "price": "0.228460",
  "portfolio": {
    "USDT": 614.125,
    "BTC": 0.0014654788057144772,
    "ETH": 0.049737397008864065,
    "DOGE": 473.89750941083776,
    "SHIB": 0,
    "PEPE": 0,
    "WIF": 0,
    "FLOKI": 0,
    "BONK": 0,
    "SOL": 0,
    "AVAX": 0,
    "MATIC": 0,
    "XRP": 0,
    "ADA": 0,
    "DOT": 0,
    "LINK": 0,
    "NEAR": 0,
    "APT": 0,
    "RNDR": 0,
    "ARB": 0,
    "SUI": 0
  }
}
{
  "timestamp": "2025-05-15T08:54:08.182Z",
  "symbol": "SHIB/USDT",
  "type": "BUY",
  "amount": "6072429.136454",
  "price": "0.000015",
  "portfolio": {
    "USDT": 522.00625,
    "BTC": 0.0014654788057144772,
    "ETH": 0.049737397008864065,
    "DOGE": 473.89750941083776,
    "SHIB": 6066356.707317073,
    "PEPE": 0,
    "WIF": 0,
    "FLOKI": 0,
    "BONK": 0,
    "SOL": 0,
    "AVAX": 0,
    "MATIC": 0,
    "XRP": 0,
    "ADA": 0,
    "DOT": 0,
    "LINK": 0,
    "NEAR": 0,
    "APT": 0,
    "RNDR": 0,
    "ARB": 0,
    "SUI": 0
  }
}
{
  "timestamp": "2025-05-15T08:54:09.043Z",
  "symbol": "PEPE/USDT",
  "type": "BUY",
  "amount": "5757421.875000",
  "price": "0.000014",
  "portfolio": {
    "USDT": 443.7053125,
    "BTC": 0.0014654788057144772,
    "ETH": 0.049737397008864065,
    "DOGE": 473.89750941083776,
    "SHIB": 6066356.707317073,
    "PEPE": 5751664.453125,
    "WIF": 0,
    "FLOKI": 0,
    "BONK": 0,
    "SOL": 0,
    "AVAX": 0,
    "MATIC": 0,
    "XRP": 0,
    "ADA": 0,
    "DOT": 0,
    "LINK": 0,
    "NEAR": 0,
    "APT": 0,
    "RNDR": 0,
    "ARB": 0,
    "SUI": 0
  }
}
{
  "timestamp": "2025-05-15T08:54:09.885Z",
  "symbol": "WIF/USDT",
  "type": "BUY",
  "amount": "60.781550",
  "price": "1.095000",
  "portfolio": {
    "USDT": 377.149515625,
    "BTC": 0.0014654788057144772,
    "ETH": 0.049737397008864065,
    "DOGE": 473.89750941083776,
    "SHIB": 6066356.707317073,
    "PEPE": 5751664.453125,
    "WIF": 60.720768107876715,
    "FLOKI": 0,
    "BONK": 0,
    "SOL": 0,
    "AVAX": 0,
    "MATIC": 0,
    "XRP": 0,
    "ADA": 0,
    "DOT": 0,
    "LINK": 0,
    "NEAR": 0,
    "APT": 0,
    "RNDR": 0,
    "ARB": 0,
    "SUI": 0
  }
}
{
  "timestamp": "2025-05-15T08:54:10.731Z",
  "symbol": "FLOKI/USDT",
  "type": "BUY",
  "amount": "539093.075507",
  "price": "0.000105",
  "portfolio": {
    "USDT": 320.57708828125,
    "BTC": 0.0014654788057144772,
    "ETH": 0.049737397008864065,
    "DOGE": 473.89750941083776,
    "SHIB": 6066356.707317073,
    "PEPE": 5751664.453125,
    "WIF": 60.720768107876715,
    "FLOKI": 538553.9824319254,
    "BONK": 0,
    "SOL": 0,
    "AVAX": 0,
    "MATIC": 0,
    "XRP": 0,
    "ADA": 0,
    "DOT": 0,
    "LINK": 0,
    "NEAR": 0,
    "APT": 0,
    "RNDR": 0,
    "ARB": 0,
    "SUI": 0
  }
}
{
  "timestamp": "2025-05-15T08:54:11.595Z",
  "symbol": "BONK/USDT",
  "type": "BUY",
  "amount": "2169971.265442",
  "price": "0.000022",
  "portfolio": {
    "USDT": 272.4905250390625,
    "BTC": 0.0014654788057144772,
    "ETH": 0.049737397008864065,
    "DOGE": 473.89750941083776,
    "SHIB": 6066356.707317073,
    "PEPE": 5751664.453125,
    "WIF": 60.720768107876715,
    "FLOKI": 538553.9824319254,
    "BONK": 2167801.294176232,
    "SOL": 0,
    "AVAX": 0,
    "MATIC": 0,
    "XRP": 0,
    "ADA": 0,
    "DOT": 0,
    "LINK": 0,
    "NEAR": 0,
    "APT": 0,
    "RNDR": 0,
    "ARB": 0,
    "SUI": 0
  }
}
{
  "timestamp": "2025-05-15T08:54:12.428Z",
  "symbol": "SOL/USDT",
  "type": "BUY",
  "amount": "0.236263",
  "price": "173.000000",
  "portfolio": {
    "USDT": 231.61694628320313,
    "BTC": 0.0014654788057144772,
    "ETH": 0.049737397008864065,
    "DOGE": 473.89750941083776,
    "SHIB": 6066356.707317073,
    "PEPE": 5751664.453125,
    "WIF": 60.720768107876715,
    "FLOKI": 538553.9824319254,
    "BONK": 2167801.294176232,
    "SOL": 0.2360271975555117,
    "AVAX": 0,
    "MATIC": 0,
    "XRP": 0,
    "ADA": 0,
    "DOT": 0,
    "LINK": 0,
    "NEAR": 0,
    "APT": 0,
    "RNDR": 0,
    "ARB": 0,
    "SUI": 0
  }
}
{
  "timestamp": "2025-05-15T08:54:13.292Z",
  "symbol": "AVAX/USDT",
  "type": "BUY",
  "amount": "1.436830",
  "price": "24.180000",
  "portfolio": {
    "USDT": 196.87440434072266,
    "BTC": 0.0014654788057144772,
    "ETH": 0.049737397008864065,
    "DOGE": 473.89750941083776,
    "SHIB": 6066356.707317073,
    "PEPE": 5751664.453125,
    "WIF": 60.720768107876715,
    "FLOKI": 538553.9824319254,
    "BONK": 2167801.294176232,
    "SOL": 0.2360271975555117,
    "AVAX": 1.4353928618915628,
    "MATIC": 0,
    "XRP": 0,
    "ADA": 0,
    "DOT": 0,
    "LINK": 0,
    "NEAR": 0,
    "APT": 0,
    "RNDR": 0,
    "ARB": 0,
    "SUI": 0
  }
}
{
  "timestamp": "2025-05-15T08:54:14.979Z",
  "symbol": "XRP/USDT",
  "type": "BUY",
  "amount": "11.826183",
  "price": "2.497100",
  "portfolio": {
    "USDT": 167.34324368961427,
    "BTC": 0.0014654788057144772,
    "ETH": 0.049737397008864065,
    "DOGE": 473.89750941083776,
    "SHIB": 6066356.707317073,
    "PEPE": 5751664.453125,
    "WIF": 60.720768107876715,
    "FLOKI": 538553.9824319254,
    "BONK": 2167801.294176232,
    "SOL": 0.2360271975555117,
    "AVAX": 1.4353928618915628,
    "MATIC": 0,
    "XRP": 11.814356449664526,
    "ADA": 0,
    "DOT": 0,
    "LINK": 0,
    "NEAR": 0,
    "APT": 0,
    "RNDR": 0,
    "ARB": 0,
    "SUI": 0
  }
}
{
  "timestamp": "2025-05-15T08:54:15.839Z",
  "symbol": "ADA/USDT",
  "type": "BUY",
  "amount": "32.058093",
  "price": "0.783000",
  "portfolio": {
    "USDT": 142.24175713617214,
    "BTC": 0.0014654788057144772,
    "ETH": 0.049737397008864065,
    "DOGE": 473.89750941083776,
    "SHIB": 6066356.707317073,
    "PEPE": 5751664.453125,
    "WIF": 60.720768107876715,
    "FLOKI": 538553.9824319254,
    "BONK": 2167801.294176232,
    "SOL": 0.2360271975555117,
    "AVAX": 1.4353928618915628,
    "MATIC": 0,
    "XRP": 11.814356449664526,
    "ADA": 32.0260345681848,
    "DOT": 0,
    "LINK": 0,
    "NEAR": 0,
    "APT": 0,
    "RNDR": 0,
    "ARB": 0,
    "SUI": 0
  }
}
{
  "timestamp": "2025-05-15T08:54:16.679Z",
  "symbol": "DOT/USDT",
  "type": "BUY",
  "amount": "4.397416",
  "price": "4.852000",
  "portfolio": {
    "USDT": 120.90549356574633,
    "BTC": 0.0014654788057144772,
    "ETH": 0.049737397008864065,
    "DOGE": 473.89750941083776,
    "SHIB": 6066356.707317073,
    "PEPE": 5751664.453125,
    "WIF": 60.720768107876715,
    "FLOKI": 538553.9824319254,
    "BONK": 2167801.294176232,
    "SOL": 0.2360271975555117,
    "AVAX": 1.4353928618915628,
    "MATIC": 0,
    "XRP": 11.814356449664526,
    "ADA": 32.0260345681848,
    "DOT": 4.393018818395588,
    "LINK": 0,
    "NEAR": 0,
    "APT": 0,
    "RNDR": 0,
    "ARB": 0,
    "SUI": 0
  }
}
{
  "timestamp": "2025-05-15T08:54:17.522Z",
  "symbol": "LINK/USDT",
  "type": "BUY",
  "amount": "1.096483",
  "price": "16.540000",
  "portfolio": {
    "USDT": 102.76966953088439,
    "BTC": 0.0014654788057144772,
    "ETH": 0.049737397008864065,
    "DOGE": 473.89750941083776,
    "SHIB": 6066356.707317073,
    "PEPE": 5751664.453125,
    "WIF": 60.720768107876715,
    "FLOKI": 538553.9824319254,
    "BONK": 2167801.294176232,
    "SOL": 0.2360271975555117,
    "AVAX": 1.4353928618915628,
    "MATIC": 0,
    "XRP": 11.814356449664526,
    "ADA": 32.0260345681848,
    "DOT": 4.393018818395588,
    "LINK": 1.0953862279822906,
    "NEAR": 0,
    "APT": 0,
    "RNDR": 0,
    "ARB": 0,
    "SUI": 0
  }
}
{
  "timestamp": "2025-05-15T08:54:18.370Z",
  "symbol": "NEAR/USDT",
  "type": "BUY",
  "amount": "5.243350",
  "price": "2.940000",
  "portfolio": {
    "USDT": 87.35421910125173,
    "BTC": 0.0014654788057144772,
    "ETH": 0.049737397008864065,
    "DOGE": 473.89750941083776,
    "SHIB": 6066356.707317073,
    "PEPE": 5751664.453125,
    "WIF": 60.720768107876715,
    "FLOKI": 538553.9824319254,
    "BONK": 2167801.294176232,
    "SOL": 0.2360271975555117,
    "AVAX": 1.4353928618915628,
    "MATIC": 0,
    "XRP": 11.814356449664526,
    "ADA": 32.0260345681848,
    "DOT": 4.393018818395588,
    "LINK": 1.0953862279822906,
    "NEAR": 5.238107135783341,
    "APT": 0,
    "RNDR": 0,
    "ARB": 0,
    "SUI": 0
  }
}
{
  "timestamp": "2025-05-15T08:54:19.218Z",
  "symbol": "APT/USDT",
  "type": "BUY",
  "amount": "2.338175",
  "price": "5.604000",
  "portfolio": {
    "USDT": 74.25108623606397,
    "BTC": 0.0014654788057144772,
    "ETH": 0.049737397008864065,
    "DOGE": 473.89750941083776,
    "SHIB": 6066356.707317073,
    "PEPE": 5751664.453125,
    "WIF": 60.720768107876715,
    "FLOKI": 538553.9824319254,
    "BONK": 2167801.294176232,
    "SOL": 0.2360271975555117,
    "AVAX": 1.4353928618915628,
    "MATIC": 0,
    "XRP": 11.814356449664526,
    "ADA": 32.0260345681848,
    "DOT": 4.393018818395588,
    "LINK": 1.0953862279822906,
    "NEAR": 5.238107135783341,
    "APT": 2.3358368544472823,
    "RNDR": 0,
    "ARB": 0,
    "SUI": 0
  }
}
{
  "timestamp": "2025-05-15T08:54:20.922Z",
  "symbol": "ARB/USDT",
  "type": "BUY",
  "amount": "26.753935",
  "price": "0.416300",
  "portfolio": {
    "USDT": 63.113423300654375,
    "BTC": 0.0014654788057144772,
    "ETH": 0.049737397008864065,
    "DOGE": 473.89750941083776,
    "SHIB": 6066356.707317073,
    "PEPE": 5751664.453125,
    "WIF": 60.720768107876715,
    "FLOKI": 538553.9824319254,
    "BONK": 2167801.294176232,
    "SOL": 0.2360271975555117,
    "AVAX": 1.4353928618915628,
    "MATIC": 0,
    "XRP": 11.814356449664526,
    "ADA": 32.0260345681848,
    "DOT": 4.393018818395588,
    "LINK": 1.0953862279822906,
    "NEAR": 5.238107135783341,
    "APT": 2.3358368544472823,
    "RNDR": 0,
    "ARB": 26.727180572842148,
    "SUI": 0
  }
}
{
  "timestamp": "2025-05-15T08:54:21.774Z",
  "symbol": "SUI/USDT",
  "type": "BUY",
  "amount": "2.502779",
  "price": "3.782600",
  "portfolio": {
    "USDT": 53.64640980555622,
    "BTC": 0.0014654788057144772,
    "ETH": 0.049737397008864065,
    "DOGE": 473.89750941083776,
    "SHIB": 6066356.707317073,
    "PEPE": 5751664.453125,
    "WIF": 60.720768107876715,
    "FLOKI": 538553.9824319254,
    "BONK": 2167801.294176232,
    "SOL": 0.2360271975555117,
    "AVAX": 1.4353928618915628,
    "MATIC": 0,
    "XRP": 11.814356449664526,
    "ADA": 32.0260345681848,
    "DOT": 4.393018818395588,
    "LINK": 1.0953862279822906,
    "NEAR": 5.238107135783341,
    "APT": 2.3358368544472823,
    "RNDR": 0,
    "ARB": 26.727180572842148,
    "SUI": 2.500276656691973
  }
}
{
  "timestamp": "2025-05-15T08:54:32.664Z",
  "symbol": "BTC/USDT",
  "type": "BUY",
  "amount": "0.000079",
  "price": "102241.300000",
  "portfolio": {
    "USDT": 45.59944833472279,
    "BTC": 0.0015441056865284203,
    "ETH": 0.049737397008864065,
    "DOGE": 473.89750941083776,
    "SHIB": 6066356.707317073,
    "PEPE": 5751664.453125,
    "WIF": 60.720768107876715,
    "FLOKI": 538553.9824319254,
    "BONK": 2167801.294176232,
    "SOL": 0.2360271975555117,
    "AVAX": 1.4353928618915628,
    "MATIC": 0,
    "XRP": 11.814356449664526,
    "ADA": 32.0260345681848,
    "DOT": 4.393018818395588,
    "LINK": 1.0953862279822906,
    "NEAR": 5.238107135783341,
    "APT": 2.3358368544472823,
    "RNDR": 0,
    "ARB": 26.727180572842148,
    "SUI": 2.500276656691973
  }
}
{
  "timestamp": "2025-05-15T08:54:33.510Z",
  "symbol": "ETH/USDT",
  "type": "BUY",
  "amount": "0.002671",
  "price": "2561.130000",
  "portfolio": {
    "USDT": 38.75953108451437,
    "BTC": 0.0015441056865284203,
    "ETH": 0.05240539017319317,
    "DOGE": 473.89750941083776,
    "SHIB": 6066356.707317073,
    "PEPE": 5751664.453125,
    "WIF": 60.720768107876715,
    "FLOKI": 538553.9824319254,
    "BONK": 2167801.294176232,
    "SOL": 0.2360271975555117,
    "AVAX": 1.4353928618915628,
    "MATIC": 0,
    "XRP": 11.814356449664526,
    "ADA": 32.0260345681848,
    "DOT": 4.393018818395588,
    "LINK": 1.0953862279822906,
    "NEAR": 5.238107135783341,
    "APT": 2.3358368544472823,
    "RNDR": 0,
    "ARB": 26.727180572842148,
    "SUI": 2.500276656691973
  }
}
{
  "timestamp": "2025-05-15T08:54:34.363Z",
  "symbol": "DOGE/USDT",
  "type": "BUY",
  "amount": "25.459492",
  "price": "0.228360",
  "portfolio": {
    "USDT": 32.94560142183722,
    "BTC": 0.0015441056865284203,
    "ETH": 0.05240539017319317,
    "DOGE": 499.3315422231275,
    "SHIB": 6066356.707317073,
    "PEPE": 5751664.453125,
    "WIF": 60.720768107876715,
    "FLOKI": 538553.9824319254,
    "BONK": 2167801.294176232,
    "SOL": 0.2360271975555117,
    "AVAX": 1.4353928618915628,
    "MATIC": 0,
    "XRP": 11.814356449664526,
    "ADA": 32.0260345681848,
    "DOT": 4.393018818395588,
    "LINK": 1.0953862279822906,
    "NEAR": 5.238107135783341,
    "APT": 2.3358368544472823,
    "RNDR": 0,
    "ARB": 26.727180572842148,
    "SUI": 2.500276656691973
  }
}
{
  "timestamp": "2025-05-15T08:54:35.229Z",
  "symbol": "SHIB/USDT",
  "type": "BUY",
  "amount": "325764.021969",
  "price": "0.000015",
  "portfolio": {
    "USDT": 28.003761208561635,
    "BTC": 0.0015441056865284203,
    "ETH": 0.05240539017319317,
    "DOGE": 499.3315422231275,
    "SHIB": 6391794.965264489,
    "PEPE": 5751664.453125,
    "WIF": 60.720768107876715,
    "FLOKI": 538553.9824319254,
    "BONK": 2167801.294176232,
    "SOL": 0.2360271975555117,
    "AVAX": 1.4353928618915628,
    "MATIC": 0,
    "XRP": 11.814356449664526,
    "ADA": 32.0260345681848,
    "DOT": 4.393018818395588,
    "LINK": 1.0953862279822906,
    "NEAR": 5.238107135783341,
    "APT": 2.3358368544472823,
    "RNDR": 0,
    "ARB": 26.727180572842148,
    "SUI": 2.500276656691973
  }
}
{
  "timestamp": "2025-05-15T08:54:36.090Z",
  "symbol": "PEPE/USDT",
  "type": "BUY",
  "amount": "309092.287070",
  "price": "0.000014",
  "portfolio": {
    "USDT": 23.80319702727739,
    "BTC": 0.0015441056865284203,
    "ETH": 0.05240539017319317,
    "DOGE": 499.3315422231275,
    "SHIB": 6391794.965264489,
    "PEPE": 6060447.6479081465,
    "WIF": 60.720768107876715,
    "FLOKI": 538553.9824319254,
    "BONK": 2167801.294176232,
    "SOL": 0.2360271975555117,
    "AVAX": 1.4353928618915628,
    "MATIC": 0,
    "XRP": 11.814356449664526,
    "ADA": 32.0260345681848,
    "DOT": 4.393018818395588,
    "LINK": 1.0953862279822906,
    "NEAR": 5.238107135783341,
    "APT": 2.3358368544472823,
    "RNDR": 0,
    "ARB": 26.727180572842148,
    "SUI": 2.500276656691973
  }
}
{
  "timestamp": "2025-05-15T08:54:36.936Z",
  "symbol": "WIF/USDT",
  "type": "BUY",
  "amount": "3.266678",
  "price": "1.093000",
  "portfolio": {
    "USDT": 20.23271747318578,
    "BTC": 0.0015441056865284203,
    "ETH": 0.05240539017319317,
    "DOGE": 499.3315422231275,
    "SHIB": 6391794.965264489,
    "PEPE": 6060447.6479081465,
    "WIF": 63.98417988695953,
    "FLOKI": 538553.9824319254,
    "BONK": 2167801.294176232,
    "SOL": 0.2360271975555117,
    "AVAX": 1.4353928618915628,
    "MATIC": 0,
    "XRP": 11.814356449664526,
    "ADA": 32.0260345681848,
    "DOT": 4.393018818395588,
    "LINK": 1.0953862279822906,
    "NEAR": 5.238107135783341,
    "APT": 2.3358368544472823,
    "RNDR": 0,
    "ARB": 26.727180572842148,
    "SUI": 2.500276656691973
  }
}
{
  "timestamp": "2025-05-15T08:54:37.807Z",
  "symbol": "FLOKI/USDT",
  "type": "BUY",
  "amount": "28931.435853",
  "price": "0.000105",
  "portfolio": {
    "USDT": 17.19780985220791,
    "BTC": 0.0015441056865284203,
    "ETH": 0.05240539017319317,
    "DOGE": 499.3315422231275,
    "SHIB": 6391794.965264489,
    "PEPE": 6060447.6479081465,
    "WIF": 63.98417988695953,
    "FLOKI": 567456.4868490549,
    "BONK": 2167801.294176232,
    "SOL": 0.2360271975555117,
    "AVAX": 1.4353928618915628,
    "MATIC": 0,
    "XRP": 11.814356449664526,
    "ADA": 32.0260345681848,
    "DOT": 4.393018818395588,
    "LINK": 1.0953862279822906,
    "NEAR": 5.238107135783341,
    "APT": 2.3358368544472823,
    "RNDR": 0,
    "ARB": 26.727180572842148,
    "SUI": 2.500276656691973
  }
}
{
  "timestamp": "2025-05-15T08:54:38.639Z",
  "symbol": "BONK/USDT",
  "type": "BUY",
  "amount": "116674.422335",
  "price": "0.000022",
  "portfolio": {
    "USDT": 14.618138374376723,
    "BTC": 0.0015441056865284203,
    "ETH": 0.05240539017319317,
    "DOGE": 499.3315422231275,
    "SHIB": 6391794.965264489,
    "PEPE": 6060447.6479081465,
    "WIF": 63.98417988695953,
    "FLOKI": 567456.4868490549,
    "BONK": 2284359.042089093,
    "SOL": 0.2360271975555117,
    "AVAX": 1.4353928618915628,
    "MATIC": 0,
    "XRP": 11.814356449664526,
    "ADA": 32.0260345681848,
    "DOT": 4.393018818395588,
    "LINK": 1.0953862279822906,
    "NEAR": 5.238107135783341,
    "APT": 2.3358368544472823,
    "RNDR": 0,
    "ARB": 26.727180572842148,
    "SUI": 2.500276656691973
  }
}
{
  "timestamp": "2025-05-15T08:54:39.496Z",
  "symbol": "SOL/USDT",
  "type": "BUY",
  "amount": "0.012683",
  "price": "172.890000",
  "portfolio": {
    "USDT": 12.425417618220216,
    "BTC": 0.0015441056865284203,
    "ETH": 0.05240539017319317,
    "DOGE": 499.3315422231275,
    "SHIB": 6391794.965264489,
    "PEPE": 6060447.6479081465,
    "WIF": 63.98417988695953,
    "FLOKI": 567456.4868490549,
    "BONK": 2284359.042089093,
    "SOL": 0.24869726543335513,
    "AVAX": 1.4353928618915628,
    "MATIC": 0,
    "XRP": 11.814356449664526,
    "ADA": 32.0260345681848,
    "DOT": 4.393018818395588,
    "LINK": 1.0953862279822906,
    "NEAR": 5.238107135783341,
    "APT": 2.3358368544472823,
    "RNDR": 0,
    "ARB": 26.727180572842148,
    "SUI": 2.500276656691973
  }
}
{
  "timestamp": "2025-05-15T08:54:40.352Z",
  "symbol": "AVAX/USDT",
  "type": "BUY",
  "amount": "0.077081",
  "price": "24.180000",
  "portfolio": {
    "USDT": 10.561604975487183,
    "BTC": 0.0015441056865284203,
    "ETH": 0.05240539017319317,
    "DOGE": 499.3315422231275,
    "SHIB": 6391794.965264489,
    "PEPE": 6060447.6479081465,
    "WIF": 63.98417988695953,
    "FLOKI": 567456.4868490549,
    "BONK": 2284359.042089093,
    "SOL": 0.24869726543335513,
    "AVAX": 1.5123965355925677,
    "MATIC": 0,
    "XRP": 11.814356449664526,
    "ADA": 32.0260345681848,
    "DOT": 4.393018818395588,
    "LINK": 1.0953862279822906,
    "NEAR": 5.238107135783341,
    "APT": 2.3358368544472823,
    "RNDR": 0,
    "ARB": 26.727180572842148,
    "SUI": 2.500276656691973
  }
}
{
  "timestamp": "2025-05-15T08:54:42.076Z",
  "symbol": "XRP/USDT",
  "type": "BUY",
  "amount": "0.634483",
  "price": "2.496900",
  "portfolio": {
    "USDT": 8.977364229164106,
    "BTC": 0.0015441056865284203,
    "ETH": 0.05240539017319317,
    "DOGE": 499.3315422231275,
    "SHIB": 6391794.965264489,
    "PEPE": 6060447.6479081465,
    "WIF": 63.98417988695953,
    "FLOKI": 567456.4868490549,
    "BONK": 2284359.042089093,
    "SOL": 0.24869726543335513,
    "AVAX": 1.5123965355925677,
    "MATIC": 0,
    "XRP": 12.448205024127562,
    "ADA": 32.0260345681848,
    "DOT": 4.393018818395588,
    "LINK": 1.0953862279822906,
    "NEAR": 5.238107135783341,
    "APT": 2.3358368544472823,
    "RNDR": 0,
    "ARB": 26.727180572842148,
    "SUI": 2.500276656691973
  }
}
{
  "timestamp": "2025-05-15T08:54:42.954Z",
  "symbol": "ADA/USDT",
  "type": "BUY",
  "amount": "1.719802",
  "price": "0.783000",
  "portfolio": {
    "USDT": 7.63075959478949,
    "BTC": 0.0015441056865284203,
    "ETH": 0.05240539017319317,
    "DOGE": 499.3315422231275,
    "SHIB": 6391794.965264489,
    "PEPE": 6060447.6479081465,
    "WIF": 63.98417988695953,
    "FLOKI": 567456.4868490549,
    "BONK": 2284359.042089093,
    "SOL": 0.24869726543335513,
    "AVAX": 1.5123965355925677,
    "MATIC": 0,
    "XRP": 12.448205024127562,
    "ADA": 33.74411634307655,
    "DOT": 4.393018818395588,
    "LINK": 1.0953862279822906,
    "NEAR": 5.238107135783341,
    "APT": 2.3358368544472823,
    "RNDR": 0,
    "ARB": 26.727180572842148,
    "SUI": 2.500276656691973
  }
}
{
  "timestamp": "2025-05-15T08:54:43.818Z",
  "symbol": "DOT/USDT",
  "type": "BUY",
  "amount": "0.235906",
  "price": "4.852000",
  "portfolio": {
    "USDT": 6.486145655571066,
    "BTC": 0.0015441056865284203,
    "ETH": 0.05240539017319317,
    "DOGE": 499.3315422231275,
    "SHIB": 6391794.965264489,
    "PEPE": 6060447.6479081465,
    "WIF": 63.98417988695953,
    "FLOKI": 567456.4868490549,
    "BONK": 2284359.042089093,
    "SOL": 0.24869726543335513,
    "AVAX": 1.5123965355925677,
    "MATIC": 0,
    "XRP": 12.448205024127562,
    "ADA": 33.74411634307655,
    "DOT": 4.628688506210758,
    "LINK": 1.0953862279822906,
    "NEAR": 5.238107135783341,
    "APT": 2.3358368544472823,
    "RNDR": 0,
    "ARB": 26.727180572842148,
    "SUI": 2.500276656691973
  }
}
{
  "timestamp": "2025-05-15T08:54:44.655Z",
  "symbol": "LINK/USDT",
  "type": "BUY",
  "amount": "0.058822",
  "price": "16.540000",
  "portfolio": {
    "USDT": 5.5132238072354065,
    "BTC": 0.0015441056865284203,
    "ETH": 0.05240539017319317,
    "DOGE": 499.3315422231275,
    "SHIB": 6391794.965264489,
    "PEPE": 6060447.6479081465,
    "WIF": 63.98417988695953,
    "FLOKI": 567456.4868490549,
    "BONK": 2284359.042089093,
    "SOL": 0.24869726543335513,
    "AVAX": 1.5123965355925677,
    "MATIC": 0,
    "XRP": 12.448205024127562,
    "ADA": 33.74411634307655,
    "DOT": 4.628688506210758,
    "LINK": 1.154149766463991,
    "NEAR": 5.238107135783341,
    "APT": 2.3358368544472823,
    "RNDR": 0,
    "ARB": 26.727180572842148,
    "SUI": 2.500276656691973
  }
}
{
  "timestamp": "2025-05-15T08:54:45.513Z",
  "symbol": "NEAR/USDT",
  "type": "BUY",
  "amount": "0.281191",
  "price": "2.941000",
  "portfolio": {
    "USDT": 4.686240236150096,
    "BTC": 0.0015441056865284203,
    "ETH": 0.05240539017319317,
    "DOGE": 499.3315422231275,
    "SHIB": 6391794.965264489,
    "PEPE": 6060447.6479081465,
    "WIF": 63.98417988695953,
    "FLOKI": 567456.4868490549,
    "BONK": 2284359.042089093,
    "SOL": 0.24869726543335513,
    "AVAX": 1.5123965355925677,
    "MATIC": 0,
    "XRP": 12.448205024127562,
    "ADA": 33.74411634307655,
    "DOT": 4.628688506210758,
    "LINK": 1.154149766463991,
    "NEAR": 5.51901723014384,
    "APT": 2.3358368544472823,
    "RNDR": 0,
    "ARB": 26.727180572842148,
    "SUI": 2.500276656691973
  }
}
{
  "timestamp": "2025-05-15T08:54:46.374Z",
  "symbol": "APT/USDT",
  "type": "BUY",
  "amount": "0.125435",
  "price": "5.604000",
  "portfolio": {
    "USDT": 3.983304200727581,
    "BTC": 0.0015441056865284203,
    "ETH": 0.05240539017319317,
    "DOGE": 499.3315422231275,
    "SHIB": 6391794.965264489,
    "PEPE": 6060447.6479081465,
    "WIF": 63.98417988695953,
    "FLOKI": 567456.4868490549,
    "BONK": 2284359.042089093,
    "SOL": 0.24869726543335513,
    "AVAX": 1.5123965355925677,
    "MATIC": 0,
    "XRP": 12.448205024127562,
    "ADA": 33.74411634307655,
    "DOT": 4.628688506210758,
    "LINK": 1.154149766463991,
    "NEAR": 5.51901723014384,
    "APT": 2.4611461155798824,
    "RNDR": 0,
    "ARB": 26.727180572842148,
    "SUI": 2.500276656691973
  }
}
{
  "timestamp": "2025-05-15T08:54:48.076Z",
  "symbol": "ARB/USDT",
  "type": "BUY",
  "amount": "1.435597",
  "price": "0.416200",
  "portfolio": {
    "USDT": 3.385808570618444,
    "BTC": 0.0015441056865284203,
    "ETH": 0.05240539017319317,
    "DOGE": 499.3315422231275,
    "SHIB": 6391794.965264489,
    "PEPE": 6060447.6479081465,
    "WIF": 63.98417988695953,
    "FLOKI": 567456.4868490549,
    "BONK": 2284359.042089093,
    "SOL": 0.24869726543335513,
    "AVAX": 1.5123965355925677,
    "MATIC": 0,
    "XRP": 12.448205024127562,
    "ADA": 33.74411634307655,
    "DOT": 4.628688506210758,
    "LINK": 1.154149766463991,
    "NEAR": 5.51901723014384,
    "APT": 2.4611461155798824,
    "RNDR": 0,
    "ARB": 28.161342356789838,
    "SUI": 2.500276656691973
  }
}
{
  "timestamp": "2025-05-15T08:54:48.925Z",
  "symbol": "SUI/USDT",
  "type": "BUY",
  "amount": "0.134120",
  "price": "3.786700",
  "portfolio": {
    "USDT": 2.8779372850256775,
    "BTC": 0.0015441056865284203,
    "ETH": 0.05240539017319317,
    "DOGE": 499.3315422231275,
    "SHIB": 6391794.965264489,
    "PEPE": 6060447.6479081465,
    "WIF": 63.98417988695953,
    "FLOKI": 567456.4868490549,
    "BONK": 2284359.042089093,
    "SOL": 0.24869726543335513,
    "AVAX": 1.5123965355925677,
    "MATIC": 0,
    "XRP": 12.448205024127562,
    "ADA": 33.74411634307655,
    "DOT": 4.628688506210758,
    "LINK": 1.154149766463991,
    "NEAR": 5.51901723014384,
    "APT": 2.4611461155798824,
    "RNDR": 0,
    "ARB": 28.161342356789838,
    "SUI": 2.6342622943995218
  }
}
{
  "timestamp": "2025-05-15T08:55:02.668Z",
  "symbol": "BTC/USDT",
  "type": "BUY",
  "amount": "0.000004",
  "price": "102253.390000",
  "portfolio": {
    "USDT": 2.446246692271826,
    "BTC": 0.001548323237674266,
    "ETH": 0.05240539017319317,
    "DOGE": 499.3315422231275,
    "SHIB": 6391794.965264489,
    "PEPE": 6060447.6479081465,
    "WIF": 63.98417988695953,
    "FLOKI": 567456.4868490549,
    "BONK": 2284359.042089093,
    "SOL": 0.24869726543335513,
    "AVAX": 1.5123965355925677,
    "MATIC": 0,
    "XRP": 12.448205024127562,
    "ADA": 33.74411634307655,
    "DOT": 4.628688506210758,
    "LINK": 1.154149766463991,
    "NEAR": 5.51901723014384,
    "APT": 2.4611461155798824,
    "RNDR": 0,
    "ARB": 28.161342356789838,
    "SUI": 2.6342622943995218
  }
}
{
  "timestamp": "2025-05-15T08:55:04.000Z",
  "symbol": "ETH/USDT",
  "type": "BUY",
  "amount": "0.000143",
  "price": "2563.980000",
  "portfolio": {
    "USDT": 2.079309688431052,
    "BTC": 0.001548323237674266,
    "ETH": 0.05254835933318542,
    "DOGE": 499.3315422231275,
    "SHIB": 6391794.965264489,
    "PEPE": 6060447.6479081465,
    "WIF": 63.98417988695953,
    "FLOKI": 567456.4868490549,
    "BONK": 2284359.042089093,
    "SOL": 0.24869726543335513,
    "AVAX": 1.5123965355925677,
    "MATIC": 0,
    "XRP": 12.448205024127562,
    "ADA": 33.74411634307655,
    "DOT": 4.628688506210758,
    "LINK": 1.154149766463991,
    "NEAR": 5.51901723014384,
    "APT": 2.4611461155798824,
    "RNDR": 0,
    "ARB": 28.161342356789838,
    "SUI": 2.6342622943995218
  }
}
{
  "timestamp": "2025-05-15T08:55:04.871Z",
  "symbol": "DOGE/USDT",
  "type": "BUY",
  "amount": "1.364556",
  "price": "0.228570",
  "portfolio": {
    "USDT": 1.7674132351663943,
    "BTC": 0.001548323237674266,
    "ETH": 0.05254835933318542,
    "DOGE": 500.6947331791208,
    "SHIB": 6391794.965264489,
    "PEPE": 6060447.6479081465,
    "WIF": 63.98417988695953,
    "FLOKI": 567456.4868490549,
    "BONK": 2284359.042089093,
    "SOL": 0.24869726543335513,
    "AVAX": 1.5123965355925677,
    "MATIC": 0,
    "XRP": 12.448205024127562,
    "ADA": 33.74411634307655,
    "DOT": 4.628688506210758,
    "LINK": 1.154149766463991,
    "NEAR": 5.51901723014384,
    "APT": 2.4611461155798824,
    "RNDR": 0,
    "ARB": 28.161342356789838,
    "SUI": 2.6342622943995218
  }
}
{
  "timestamp": "2025-05-15T08:55:05.709Z",
  "symbol": "SHIB/USDT",
  "type": "BUY",
  "amount": "17464.557660",
  "price": "0.000015",
  "portfolio": {
    "USDT": 1.5023012498914352,
    "BTC": 0.001548323237674266,
    "ETH": 0.05254835933318542,
    "DOGE": 500.6947331791208,
    "SHIB": 6409242.058366576,
    "PEPE": 6060447.6479081465,
    "WIF": 63.98417988695953,
    "FLOKI": 567456.4868490549,
    "BONK": 2284359.042089093,
    "SOL": 0.24869726543335513,
    "AVAX": 1.5123965355925677,
    "MATIC": 0,
    "XRP": 12.448205024127562,
    "ADA": 33.74411634307655,
    "DOT": 4.628688506210758,
    "LINK": 1.154149766463991,
    "NEAR": 5.51901723014384,
    "APT": 2.4611461155798824,
    "RNDR": 0,
    "ARB": 28.161342356789838,
    "SUI": 2.6342622943995218
  }
}
{
  "timestamp": "2025-05-15T08:55:06.560Z",
  "symbol": "PEPE/USDT",
  "type": "BUY",
  "amount": "16569.499080",
  "price": "0.000014",
  "portfolio": {
    "USDT": 1.2769560624077199,
    "BTC": 0.001548323237674266,
    "ETH": 0.05254835933318542,
    "DOGE": 500.6947331791208,
    "SHIB": 6409242.058366576,
    "PEPE": 6077000.577488752,
    "WIF": 63.98417988695953,
    "FLOKI": 567456.4868490549,
    "BONK": 2284359.042089093,
    "SOL": 0.24869726543335513,
    "AVAX": 1.5123965355925677,
    "MATIC": 0,
    "XRP": 12.448205024127562,
    "ADA": 33.74411634307655,
    "DOT": 4.628688506210758,
    "LINK": 1.154149766463991,
    "NEAR": 5.51901723014384,
    "APT": 2.4611461155798824,
    "RNDR": 0,
    "ARB": 28.161342356789838,
    "SUI": 2.6342622943995218
  }
}
{
  "timestamp": "2025-05-15T08:55:07.402Z",
  "symbol": "WIF/USDT",
  "type": "BUY",
  "amount": "0.174925",
  "price": "1.095000",
  "portfolio": {
    "USDT": 1.085412653046562,
    "BTC": 0.001548323237674266,
    "ETH": 0.05254835933318542,
    "DOGE": 500.6947331791208,
    "SHIB": 6409242.058366576,
    "PEPE": 6077000.577488752,
    "WIF": 64.15893044947259,
    "FLOKI": 567456.4868490549,
    "BONK": 2284359.042089093,
    "SOL": 0.24869726543335513,
    "AVAX": 1.5123965355925677,
    "MATIC": 0,
    "XRP": 12.448205024127562,
    "ADA": 33.74411634307655,
    "DOT": 4.628688506210758,
    "LINK": 1.154149766463991,
    "NEAR": 5.51901723014384,
    "APT": 2.4611461155798824,
    "RNDR": 0,
    "ARB": 28.161342356789838,
    "SUI": 2.6342622943995218
  }
}
{
  "timestamp": "2025-05-15T08:55:08.255Z",
  "symbol": "FLOKI/USDT",
  "type": "BUY",
  "amount": "1551.032657",
  "price": "0.000105",
  "portfolio": {
    "USDT": 0.9226007550895777,
    "BTC": 0.001548323237674266,
    "ETH": 0.05254835933318542,
    "DOGE": 500.6947331791208,
    "SHIB": 6409242.058366576,
    "PEPE": 6077000.577488752,
    "WIF": 64.15893044947259,
    "FLOKI": 569005.9684729382,
    "BONK": 2284359.042089093,
    "SOL": 0.24869726543335513,
    "AVAX": 1.5123965355925677,
    "MATIC": 0,
    "XRP": 12.448205024127562,
    "ADA": 33.74411634307655,
    "DOT": 4.628688506210758,
    "LINK": 1.154149766463991,
    "NEAR": 5.51901723014384,
    "APT": 2.4611461155798824,
    "RNDR": 0,
    "ARB": 28.161342356789838,
    "SUI": 2.6342622943995218
  }
}
{
  "timestamp": "2025-05-15T08:55:09.103Z",
  "symbol": "BONK/USDT",
  "type": "BUY",
  "amount": "6250.682623",
  "price": "0.000022",
  "portfolio": {
    "USDT": 0.7842106418261411,
    "BTC": 0.001548323237674266,
    "ETH": 0.05254835933318542,
    "DOGE": 500.6947331791208,
    "SHIB": 6409242.058366576,
    "PEPE": 6077000.577488752,
    "WIF": 64.15893044947259,
    "FLOKI": 569005.9684729382,
    "BONK": 2290603.474029029,
    "SOL": 0.24869726543335513,
    "AVAX": 1.5123965355925677,
    "MATIC": 0,
    "XRP": 12.448205024127562,
    "ADA": 33.74411634307655,
    "DOT": 4.628688506210758,
    "LINK": 1.154149766463991,
    "NEAR": 5.51901723014384,
    "APT": 2.4611461155798824,
    "RNDR": 0,
    "ARB": 28.161342356789838,
    "SUI": 2.6342622943995218
  }
}
{
  "timestamp": "2025-05-15T08:55:09.951Z",
  "symbol": "SOL/USDT",
  "type": "BUY",
  "amount": "0.000680",
  "price": "172.920000",
  "portfolio": {
    "USDT": 0.6665790455522199,
    "BTC": 0.001548323237674266,
    "ETH": 0.05254835933318542,
    "DOGE": 500.6947331791208,
    "SHIB": 6409242.058366576,
    "PEPE": 6077000.577488752,
    "WIF": 64.15893044947259,
    "FLOKI": 569005.9684729382,
    "BONK": 2290603.474029029,
    "SOL": 0.24937685116477804,
    "AVAX": 1.5123965355925677,
    "MATIC": 0,
    "XRP": 12.448205024127562,
    "ADA": 33.74411634307655,
    "DOT": 4.628688506210758,
    "LINK": 1.154149766463991,
    "NEAR": 5.51901723014384,
    "APT": 2.4611461155798824,
    "RNDR": 0,
    "ARB": 28.161342356789838,
    "SUI": 2.6342622943995218
  }
}
{
  "timestamp": "2025-05-15T08:55:10.797Z",
  "symbol": "AVAX/USDT",
  "type": "BUY",
  "amount": "0.004137",
  "price": "24.170000",
  "portfolio": {
    "USDT": 0.566592188719387,
    "BTC": 0.001548323237674266,
    "ETH": 0.05254835933318542,
    "DOGE": 500.6947331791208,
    "SHIB": 6409242.058366576,
    "PEPE": 6077000.577488752,
    "WIF": 64.15893044947259,
    "FLOKI": 569005.9684729382,
    "BONK": 2290603.474029029,
    "SOL": 0.24937685116477804,
    "AVAX": 1.5165292153598826,
    "MATIC": 0,
    "XRP": 12.448205024127562,
    "ADA": 33.74411634307655,
    "DOT": 4.628688506210758,
    "LINK": 1.154149766463991,
    "NEAR": 5.51901723014384,
    "APT": 2.4611461155798824,
    "RNDR": 0,
    "ARB": 28.161342356789838,
    "SUI": 2.6342622943995218
  }
}
{
  "timestamp": "2025-05-15T08:55:12.501Z",
  "symbol": "XRP/USDT",
  "type": "BUY",
  "amount": "0.034021",
  "price": "2.498100",
  "portfolio": {
    "USDT": 0.48160336041147894,
    "BTC": 0.001548323237674266,
    "ETH": 0.05254835933318542,
    "DOGE": 500.6947331791208,
    "SHIB": 6409242.058366576,
    "PEPE": 6077000.577488752,
    "WIF": 64.15893044947259,
    "FLOKI": 569005.9684729382,
    "BONK": 2290603.474029029,
    "SOL": 0.24937685116477804,
    "AVAX": 1.5165292153598826,
    "MATIC": 0,
    "XRP": 12.482192390317707,
    "ADA": 33.74411634307655,
    "DOT": 4.628688506210758,
    "LINK": 1.154149766463991,
    "NEAR": 5.51901723014384,
    "APT": 2.4611461155798824,
    "RNDR": 0,
    "ARB": 28.161342356789838,
    "SUI": 2.6342622943995218
  }
}
{
  "timestamp": "2025-05-15T08:55:13.355Z",
  "symbol": "ADA/USDT",
  "type": "BUY",
  "amount": "0.092249",
  "price": "0.783100",
  "portfolio": {
    "USDT": 0.4093628563497571,
    "BTC": 0.001548323237674266,
    "ETH": 0.05254835933318542,
    "DOGE": 500.6947331791208,
    "SHIB": 6409242.058366576,
    "PEPE": 6077000.577488752,
    "WIF": 64.15893044947259,
    "FLOKI": 569005.9684729382,
    "BONK": 2290603.474029029,
    "SOL": 0.24937685116477804,
    "AVAX": 1.5165292153598826,
    "MATIC": 0,
    "XRP": 12.482192390317707,
    "ADA": 33.83627349230099,
    "DOT": 4.628688506210758,
    "LINK": 1.154149766463991,
    "NEAR": 5.51901723014384,
    "APT": 2.4611461155798824,
    "RNDR": 0,
    "ARB": 28.161342356789838,
    "SUI": 2.6342622943995218
  }
}
{
  "timestamp": "2025-05-15T08:55:14.193Z",
  "symbol": "DOT/USDT",
  "type": "BUY",
  "amount": "0.012663",
  "price": "4.849000",
  "portfolio": {
    "USDT": 0.34795842789729353,
    "BTC": 0.001548323237674266,
    "ETH": 0.05254835933318542,
    "DOGE": 500.6947331791208,
    "SHIB": 6409242.058366576,
    "PEPE": 6077000.577488752,
    "WIF": 64.15893044947259,
    "FLOKI": 569005.9684729382,
    "BONK": 2290603.474029029,
    "SOL": 0.24937685116477804,
    "AVAX": 1.5165292153598826,
    "MATIC": 0,
    "XRP": 12.482192390317707,
    "ADA": 33.83627349230099,
    "DOT": 4.641339160783662,
    "LINK": 1.154149766463991,
    "NEAR": 5.51901723014384,
    "APT": 2.4611461155798824,
    "RNDR": 0,
    "ARB": 28.161342356789838,
    "SUI": 2.6342622943995218
  }
}
{
  "timestamp": "2025-05-15T08:55:15.076Z",
  "symbol": "LINK/USDT",
  "type": "BUY",
  "amount": "0.003158",
  "price": "16.530000",
  "portfolio": {
    "USDT": 0.2957646637126995,
    "BTC": 0.001548323237674266,
    "ETH": 0.05254835933318542,
    "DOGE": 500.6947331791208,
    "SHIB": 6409242.058366576,
    "PEPE": 6077000.577488752,
    "WIF": 64.15893044947259,
    "FLOKI": 569005.9684729382,
    "BONK": 2290603.474029029,
    "SOL": 0.24937685116477804,
    "AVAX": 1.5165292153598826,
    "MATIC": 0,
    "XRP": 12.482192390317707,
    "ADA": 33.83627349230099,
    "DOT": 4.641339160783662,
    "LINK": 1.1573041264410273,
    "NEAR": 5.51901723014384,
    "APT": 2.4611461155798824,
    "RNDR": 0,
    "ARB": 28.161342356789838,
    "SUI": 2.6342622943995218
  }
}
{
  "timestamp": "2025-05-15T08:55:15.935Z",
  "symbol": "NEAR/USDT",
  "type": "BUY",
  "amount": "0.015090",
  "price": "2.940000",
  "portfolio": {
    "USDT": 0.2513999641557946,
    "BTC": 0.001548323237674266,
    "ETH": 0.05254835933318542,
    "DOGE": 500.6947331791208,
    "SHIB": 6409242.058366576,
    "PEPE": 6077000.577488752,
    "WIF": 64.15893044947259,
    "FLOKI": 569005.9684729382,
    "BONK": 2290603.474029029,
    "SOL": 0.24937685116477804,
    "AVAX": 1.5165292153598826,
    "MATIC": 0,
    "XRP": 12.482192390317707,
    "ADA": 33.83627349230099,
    "DOT": 4.641339160783662,
    "LINK": 1.1573041264410273,
    "NEAR": 5.53409217397287,
    "APT": 2.4611461155798824,
    "RNDR": 0,
    "ARB": 28.161342356789838,
    "SUI": 2.6342622943995218
  }
}
{
  "timestamp": "2025-05-15T08:55:16.782Z",
  "symbol": "APT/USDT",
  "type": "BUY",
  "amount": "0.006730",
  "price": "5.603000",
  "portfolio": {
    "USDT": 0.2136899695324254,
    "BTC": 0.001548323237674266,
    "ETH": 0.05254835933318542,
    "DOGE": 500.6947331791208,
    "SHIB": 6409242.058366576,
    "PEPE": 6077000.577488752,
    "WIF": 64.15893044947259,
    "FLOKI": 569005.9684729382,
    "BONK": 2290603.474029029,
    "SOL": 0.24937685116477804,
    "AVAX": 1.5165292153598826,
    "MATIC": 0,
    "XRP": 12.482192390317707,
    "ADA": 33.83627349230099,
    "DOT": 4.641339160783662,
    "LINK": 1.1573041264410273,
    "NEAR": 5.53409217397287,
    "APT": 2.46786970733943,
    "RNDR": 0,
    "ARB": 28.161342356789838,
    "SUI": 2.6342622943995218
  }
}
{
  "timestamp": "2025-05-15T08:55:18.485Z",
  "symbol": "ARB/USDT",
  "type": "BUY",
  "amount": "0.076996",
  "price": "0.416300",
  "portfolio": {
    "USDT": 0.1816364741025616,
    "BTC": 0.001548323237674266,
    "ETH": 0.05254835933318542,
    "DOGE": 500.6947331791208,
    "SHIB": 6409242.058366576,
    "PEPE": 6077000.577488752,
    "WIF": 64.15893044947259,
    "FLOKI": 569005.9684729382,
    "BONK": 2290603.474029029,
    "SOL": 0.24937685116477804,
    "AVAX": 1.5165292153598826,
    "MATIC": 0,
    "XRP": 12.482192390317707,
    "ADA": 33.83627349230099,
    "DOT": 4.641339160783662,
    "LINK": 1.1573041264410273,
    "NEAR": 5.53409217397287,
    "APT": 2.46786970733943,
    "RNDR": 0,
    "ARB": 28.238261506284033,
    "SUI": 2.6342622943995218
  }
}
{
  "timestamp": "2025-05-15T08:55:19.342Z",
  "symbol": "SUI/USDT",
  "type": "BUY",
  "amount": "0.007193",
  "price": "3.787800",
  "portfolio": {
    "USDT": 0.15439100298717734,
    "BTC": 0.001548323237674266,
    "ETH": 0.05254835933318542,
    "DOGE": 500.6947331791208,
    "SHIB": 6409242.058366576,
    "PEPE": 6077000.577488752,
    "WIF": 64.15893044947259,
    "FLOKI": 569005.9684729382,
    "BONK": 2290603.474029029,
    "SOL": 0.24937685116477804,
    "AVAX": 1.5165292153598826,
    "MATIC": 0,
    "XRP": 12.482192390317707,
    "ADA": 33.83627349230099,
    "DOT": 4.641339160783662,
    "LINK": 1.1573041264410273,
    "NEAR": 5.53409217397287,
    "APT": 2.46786970733943,
    "RNDR": 0,
    "ARB": 28.238261506284033,
    "SUI": 2.6414480554334383
  }
}
{
  "timestamp": "2025-05-15T08:55:32.675Z",
  "symbol": "BTC/USDT",
  "type": "BUY",
  "amount": "0.000000",
  "price": "102253.380000",
  "portfolio": {
    "USDT": 0.13123235253910073,
    "BTC": 0.0015485494941735389,
    "ETH": 0.05254835933318542,
    "DOGE": 500.6947331791208,
    "SHIB": 6409242.058366576,
    "PEPE": 6077000.577488752,
    "WIF": 64.15893044947259,
    "FLOKI": 569005.9684729382,
    "BONK": 2290603.474029029,
    "SOL": 0.24937685116477804,
    "AVAX": 1.5165292153598826,
    "MATIC": 0,
    "XRP": 12.482192390317707,
    "ADA": 33.83627349230099,
    "DOT": 4.641339160783662,
    "LINK": 1.1573041264410273,
    "NEAR": 5.53409217397287,
    "APT": 2.46786970733943,
    "RNDR": 0,
    "ARB": 28.238261506284033,
    "SUI": 2.6414480554334383
  }
}
{
  "timestamp": "2025-05-15T08:55:33.527Z",
  "symbol": "ETH/USDT",
  "type": "BUY",
  "amount": "0.000008",
  "price": "2561.730000",
  "portfolio": {
    "USDT": 0.11154749965823563,
    "BTC": 0.0015485494941735389,
    "ETH": 0.05255603585179901,
    "DOGE": 500.6947331791208,
    "SHIB": 6409242.058366576,
    "PEPE": 6077000.577488752,
    "WIF": 64.15893044947259,
    "FLOKI": 569005.9684729382,
    "BONK": 2290603.474029029,
    "SOL": 0.24937685116477804,
    "AVAX": 1.5165292153598826,
    "MATIC": 0,
    "XRP": 12.482192390317707,
    "ADA": 33.83627349230099,
    "DOT": 4.641339160783662,
    "LINK": 1.1573041264410273,
    "NEAR": 5.53409217397287,
    "APT": 2.46786970733943,
    "RNDR": 0,
    "ARB": 28.238261506284033,
    "SUI": 2.6414480554334383
  }
}
{
  "timestamp": "2025-05-15T08:55:34.379Z",
  "symbol": "DOGE/USDT",
  "type": "BUY",
  "amount": "0.073255",
  "price": "0.228410",
  "portfolio": {
    "USDT": 0.09481537470950029,
    "BTC": 0.0015485494941735389,
    "ETH": 0.05255603585179901,
    "DOGE": 500.7679147071791,
    "SHIB": 6409242.058366576,
    "PEPE": 6077000.577488752,
    "WIF": 64.15893044947259,
    "FLOKI": 569005.9684729382,
    "BONK": 2290603.474029029,
    "SOL": 0.24937685116477804,
    "AVAX": 1.5165292153598826,
    "MATIC": 0,
    "XRP": 12.482192390317707,
    "ADA": 33.83627349230099,
    "DOT": 4.641339160783662,
    "LINK": 1.1573041264410273,
    "NEAR": 5.53409217397287,
    "APT": 2.46786970733943,
    "RNDR": 0,
    "ARB": 28.238261506284033,
    "SUI": 2.6414480554334383
  }
}
{
  "timestamp": "2025-05-15T08:55:35.238Z",
  "symbol": "SHIB/USDT",
  "type": "BUY",
  "amount": "938.146847",
  "price": "0.000015",
  "portfolio": {
    "USDT": 0.08059306850307524,
    "BTC": 0.0015485494941735389,
    "ETH": 0.05255603585179901,
    "DOGE": 500.7679147071791,
    "SHIB": 6410179.267067119,
    "PEPE": 6077000.577488752,
    "WIF": 64.15893044947259,
    "FLOKI": 569005.9684729382,
    "BONK": 2290603.474029029,
    "SOL": 0.24937685116477804,
    "AVAX": 1.5165292153598826,
    "MATIC": 0,
    "XRP": 12.482192390317707,
    "ADA": 33.83627349230099,
    "DOT": 4.641339160783662,
    "LINK": 1.1573041264410273,
    "NEAR": 5.53409217397287,
    "APT": 2.46786970733943,
    "RNDR": 0,
    "ARB": 28.238261506284033,
    "SUI": 2.6414480554334383
  }
}
{
  "timestamp": "2025-05-15T08:55:36.080Z",
  "symbol": "PEPE/USDT",
  "type": "BUY",
  "amount": "890.859269",
  "price": "0.000014",
  "portfolio": {
    "USDT": 0.06850410822761395,
    "BTC": 0.0015485494941735389,
    "ETH": 0.05255603585179901,
    "DOGE": 500.7679147071791,
    "SHIB": 6410179.267067119,
    "PEPE": 6077890.545898125,
    "WIF": 64.15893044947259,
    "FLOKI": 569005.9684729382,
    "BONK": 2290603.474029029,
    "SOL": 0.24937685116477804,
    "AVAX": 1.5165292153598826,
    "MATIC": 0,
    "XRP": 12.482192390317707,
    "ADA": 33.83627349230099,
    "DOT": 4.641339160783662,
    "LINK": 1.1573041264410273,
    "NEAR": 5.53409217397287,
    "APT": 2.46786970733943,
    "RNDR": 0,
    "ARB": 28.238261506284033,
    "SUI": 2.6414480554334383
  }
}
{
  "timestamp": "2025-05-15T08:55:36.919Z",
  "symbol": "WIF/USDT",
  "type": "BUY",
  "amount": "0.009436",
  "price": "1.089000",
  "portfolio": {
    "USDT": 0.058228491993471854,
    "BTC": 0.0015485494941735389,
    "ETH": 0.05255603585179901,
    "DOGE": 500.7679147071791,
    "SHIB": 6410179.267067119,
    "PEPE": 6077890.545898125,
    "WIF": 64.16835684122458,
    "FLOKI": 569005.9684729382,
    "BONK": 2290603.474029029,
    "SOL": 0.24937685116477804,
    "AVAX": 1.5165292153598826,
    "MATIC": 0,
    "XRP": 12.482192390317707,
    "ADA": 33.83627349230099,
    "DOT": 4.641339160783662,
    "LINK": 1.1573041264410273,
    "NEAR": 5.53409217397287,
    "APT": 2.46786970733943,
    "RNDR": 0,
    "ARB": 28.238261506284033,
    "SUI": 2.6414480554334383
  }
}
{
  "timestamp": "2025-05-15T08:55:37.763Z",
  "symbol": "FLOKI/USDT",
  "type": "BUY",
  "amount": "83.382089",
  "price": "0.000105",
  "portfolio": {
    "USDT": 0.04949421819445107,
    "BTC": 0.0015485494941735389,
    "ETH": 0.05255603585179901,
    "DOGE": 500.7679147071791,
    "SHIB": 6410179.267067119,
    "PEPE": 6077890.545898125,
    "WIF": 64.16835684122458,
    "FLOKI": 569089.2671796229,
    "BONK": 2290603.474029029,
    "SOL": 0.24937685116477804,
    "AVAX": 1.5165292153598826,
    "MATIC": 0,
    "XRP": 12.482192390317707,
    "ADA": 33.83627349230099,
    "DOT": 4.641339160783662,
    "LINK": 1.1573041264410273,
    "NEAR": 5.53409217397287,
    "APT": 2.46786970733943,
    "RNDR": 0,
    "ARB": 28.238261506284033,
    "SUI": 2.6414480554334383
  }
}
{
  "timestamp": "2025-05-15T08:55:38.634Z",
  "symbol": "BONK/USDT",
  "type": "BUY",
  "amount": "335.629870",
  "price": "0.000022",
  "portfolio": {
    "USDT": 0.042070085465283416,
    "BTC": 0.0015485494941735389,
    "ETH": 0.05255603585179901,
    "DOGE": 500.7679147071791,
    "SHIB": 6410179.267067119,
    "PEPE": 6077890.545898125,
    "WIF": 64.16835684122458,
    "FLOKI": 569089.2671796229,
    "BONK": 2290938.768269374,
    "SOL": 0.24937685116477804,
    "AVAX": 1.5165292153598826,
    "MATIC": 0,
    "XRP": 12.482192390317707,
    "ADA": 33.83627349230099,
    "DOT": 4.641339160783662,
    "LINK": 1.1573041264410273,
    "NEAR": 5.53409217397287,
    "APT": 2.46786970733943,
    "RNDR": 0,
    "ARB": 28.238261506284033,
    "SUI": 2.6414480554334383
  }
}
{
  "timestamp": "2025-05-15T08:55:39.464Z",
  "symbol": "SOL/USDT",
  "type": "BUY",
  "amount": "0.000037",
  "price": "172.760000",
  "portfolio": {
    "USDT": 0.0357595726454909,
    "BTC": 0.0015485494941735389,
    "ETH": 0.05255603585179901,
    "DOGE": 500.7679147071791,
    "SHIB": 6410179.267067119,
    "PEPE": 6077890.545898125,
    "WIF": 64.16835684122458,
    "FLOKI": 569089.2671796229,
    "BONK": 2290938.768269374,
    "SOL": 0.24941334226403117,
    "AVAX": 1.5165292153598826,
    "MATIC": 0,
    "XRP": 12.482192390317707,
    "ADA": 33.83627349230099,
    "DOT": 4.641339160783662,
    "LINK": 1.1573041264410273,
    "NEAR": 5.53409217397287,
    "APT": 2.46786970733943,
    "RNDR": 0,
    "ARB": 28.238261506284033,
    "SUI": 2.6414480554334383
  }
}
{
  "timestamp": "2025-05-15T08:55:40.315Z",
  "symbol": "AVAX/USDT",
  "type": "BUY",
  "amount": "0.000222",
  "price": "24.150000",
  "portfolio": {
    "USDT": 0.030395636748667264,
    "BTC": 0.0015485494941735389,
    "ETH": 0.05255603585179901,
    "DOGE": 500.7679147071791,
    "SHIB": 6410179.267067119,
    "PEPE": 6077890.545898125,
    "WIF": 64.16835684122458,
    "FLOKI": 569089.2671796229,
    "BONK": 2290938.768269374,
    "SOL": 0.24941334226403117,
    "AVAX": 1.5167511023976021,
    "MATIC": 0,
    "XRP": 12.482192390317707,
    "ADA": 33.83627349230099,
    "DOT": 4.641339160783662,
    "LINK": 1.1573041264410273,
    "NEAR": 5.53409217397287,
    "APT": 2.46786970733943,
    "RNDR": 0,
    "ARB": 28.238261506284033,
    "SUI": 2.6414480554334383
  }
}
{
  "timestamp": "2025-05-15T08:55:42.025Z",
  "symbol": "XRP/USDT",
  "type": "BUY",
  "amount": "0.001826",
  "price": "2.496700",
  "portfolio": {
    "USDT": 0.025836291236367173,
    "BTC": 0.0015485494941735389,
    "ETH": 0.05255603585179901,
    "DOGE": 500.7679147071791,
    "SHIB": 6410179.267067119,
    "PEPE": 6077890.545898125,
    "WIF": 64.16835684122458,
    "FLOKI": 569089.2671796229,
    "BONK": 2290938.768269374,
    "SOL": 0.24941334226403117,
    "AVAX": 1.5167511023976021,
    "MATIC": 0,
    "XRP": 12.484016712890217,
    "ADA": 33.83627349230099,
    "DOT": 4.641339160783662,
    "LINK": 1.1573041264410273,
    "NEAR": 5.53409217397287,
    "APT": 2.46786970733943,
    "RNDR": 0,
    "ARB": 28.238261506284033,
    "SUI": 2.6414480554334383
  }
}
{
  "timestamp": "2025-05-15T08:55:42.893Z",
  "symbol": "ADA/USDT",
  "type": "BUY",
  "amount": "0.004956",
  "price": "0.781900",
  "portfolio": {
    "USDT": 0.0219608475509121,
    "BTC": 0.0015485494941735389,
    "ETH": 0.05255603585179901,
    "DOGE": 500.7679147071791,
    "SHIB": 6410179.267067119,
    "PEPE": 6077890.545898125,
    "WIF": 64.16835684122458,
    "FLOKI": 569089.2671796229,
    "BONK": 2290938.768269374,
    "SOL": 0.24941334226403117,
    "AVAX": 1.5167511023976021,
    "MATIC": 0,
    "XRP": 12.484016712890217,
    "ADA": 33.841224980012676,
    "DOT": 4.641339160783662,
    "LINK": 1.1573041264410273,
    "NEAR": 5.53409217397287,
    "APT": 2.46786970733943,
    "RNDR": 0,
    "ARB": 28.238261506284033,
    "SUI": 2.6414480554334383
  }
}
{
  "timestamp": "2025-05-15T08:55:43.738Z",
  "symbol": "DOT/USDT",
  "type": "BUY",
  "amount": "0.000680",
  "price": "4.845000",
  "portfolio": {
    "USDT": 0.018666720418275284,
    "BTC": 0.0015485494941735389,
    "ETH": 0.05255603585179901,
    "DOGE": 500.7679147071791,
    "SHIB": 6410179.267067119,
    "PEPE": 6077890.545898125,
    "WIF": 64.16835684122458,
    "FLOKI": 569089.2671796229,
    "BONK": 2290938.768269374,
    "SOL": 0.24941334226403117,
    "AVAX": 1.5167511023976021,
    "MATIC": 0,
    "XRP": 12.484016712890217,
    "ADA": 33.841224980012676,
    "DOT": 4.642018383282219,
    "LINK": 1.1573041264410273,
    "NEAR": 5.53409217397287,
    "APT": 2.46786970733943,
    "RNDR": 0,
    "ARB": 28.238261506284033,
    "SUI": 2.6414480554334383
  }
}
{
  "timestamp": "2025-05-15T08:55:44.594Z",
  "symbol": "LINK/USDT",
  "type": "BUY",
  "amount": "0.000169",
  "price": "16.520000",
  "portfolio": {
    "USDT": 0.015866712355533993,
    "BTC": 0.0015485494941735389,
    "ETH": 0.05255603585179901,
    "DOGE": 500.7679147071791,
    "SHIB": 6410179.267067119,
    "PEPE": 6077890.545898125,
    "WIF": 64.16835684122458,
    "FLOKI": 569089.2671796229,
    "BONK": 2290938.768269374,
    "SOL": 0.24941334226403117,
    "AVAX": 1.5167511023976021,
    "MATIC": 0,
    "XRP": 12.484016712890217,
    "ADA": 33.841224980012676,
    "DOT": 4.642018383282219,
    "LINK": 1.157473448962497,
    "NEAR": 5.53409217397287,
    "APT": 2.46786970733943,
    "RNDR": 0,
    "ARB": 28.238261506284033,
    "SUI": 2.6414480554334383
  }
}
{
  "timestamp": "2025-05-15T08:55:45.438Z",
  "symbol": "NEAR/USDT",
  "type": "BUY",
  "amount": "0.000810",
  "price": "2.937000",
  "portfolio": {
    "USDT": 0.013486705502203895,
    "BTC": 0.0015485494941735389,
    "ETH": 0.05255603585179901,
    "DOGE": 500.7679147071791,
    "SHIB": 6410179.267067119,
    "PEPE": 6077890.545898125,
    "WIF": 64.16835684122458,
    "FLOKI": 569089.2671796229,
    "BONK": 2290938.768269374,
    "SOL": 0.24941334226403117,
    "AVAX": 1.5167511023976021,
    "MATIC": 0,
    "XRP": 12.484016712890217,
    "ADA": 33.841224980012676,
    "DOT": 4.642018383282219,
    "LINK": 1.157473448962497,
    "NEAR": 5.534901716651276,
    "APT": 2.46786970733943,
    "RNDR": 0,
    "ARB": 28.238261506284033,
    "SUI": 2.6414480554334383
  }
}
{
  "timestamp": "2025-05-15T08:55:46.289Z",
  "symbol": "APT/USDT",
  "type": "BUY",
  "amount": "0.000361",
  "price": "5.599000",
  "portfolio": {
    "USDT": 0.01146369967687331,
    "BTC": 0.0015485494941735389,
    "ETH": 0.05255603585179901,
    "DOGE": 500.7679147071791,
    "SHIB": 6410179.267067119,
    "PEPE": 6077890.545898125,
    "WIF": 64.16835684122458,
    "FLOKI": 569089.2671796229,
    "BONK": 2290938.768269374,
    "SOL": 0.24941334226403117,
    "AVAX": 1.5167511023976021,
    "MATIC": 0,
    "XRP": 12.484016712890217,
    "ADA": 33.841224980012676,
    "DOT": 4.642018383282219,
    "LINK": 1.157473448962497,
    "NEAR": 5.534901716651276,
    "APT": 2.4682306615847427,
    "RNDR": 0,
    "ARB": 28.238261506284033,
    "SUI": 2.6414480554334383
  }
}
{
  "timestamp": "2025-05-15T08:55:48.024Z",
  "symbol": "ARB/USDT",
  "type": "BUY",
  "amount": "0.004135",
  "price": "0.415900",
  "portfolio": {
    "USDT": 0.009744144725342314,
    "BTC": 0.0015485494941735389,
    "ETH": 0.05255603585179901,
    "DOGE": 500.7679147071791,
    "SHIB": 6410179.267067119,
    "PEPE": 6077890.545898125,
    "WIF": 64.16835684122458,
    "FLOKI": 569089.2671796229,
    "BONK": 2290938.768269374,
    "SOL": 0.24941334226403117,
    "AVAX": 1.5167511023976021,
    "MATIC": 0,
    "XRP": 12.484016712890217,
    "ADA": 33.841224980012676,
    "DOT": 4.642018383282219,
    "LINK": 1.157473448962497,
    "NEAR": 5.534901716651276,
    "APT": 2.4682306615847427,
    "RNDR": 0,
    "ARB": 28.242391911180835,
    "SUI": 2.6414480554334383
  }
}
{
  "timestamp": "2025-05-15T08:55:48.871Z",
  "symbol": "SUI/USDT",
  "type": "BUY",
  "amount": "0.000386",
  "price": "3.783100",
  "portfolio": {
    "USDT": 0.008282523016540966,
    "BTC": 0.0015485494941735389,
    "ETH": 0.05255603585179901,
    "DOGE": 500.7679147071791,
    "SHIB": 6410179.267067119,
    "PEPE": 6077890.545898125,
    "WIF": 64.16835684122458,
    "FLOKI": 569089.2671796229,
    "BONK": 2290938.768269374,
    "SOL": 0.24941334226403117,
    "AVAX": 1.5167511023976021,
    "MATIC": 0,
    "XRP": 12.484016712890217,
    "ADA": 33.841224980012676,
    "DOT": 4.642018383282219,
    "LINK": 1.157473448962497,
    "NEAR": 5.534901716651276,
    "APT": 2.4682306615847427,
    "RNDR": 0,
    "ARB": 28.242391911180835,
    "SUI": 2.6418340246351755
  }
}
{
  "timestamp": "2025-05-15T08:56:02.684Z",
  "symbol": "BTC/USDT",
  "type": "BUY",
  "amount": "0.000000",
  "price": "102240.000000",
  "portfolio": {
    "USDT": 0.007040144564059821,
    "BTC": 0.0015485616336108827,
    "ETH": 0.05255603585179901,
    "DOGE": 500.7679147071791,
    "SHIB": 6410179.267067119,
    "PEPE": 6077890.545898125,
    "WIF": 64.16835684122458,
    "FLOKI": 569089.2671796229,
    "BONK": 2290938.768269374,
    "SOL": 0.24941334226403117,
    "AVAX": 1.5167511023976021,
    "MATIC": 0,
    "XRP": 12.484016712890217,
    "ADA": 33.841224980012676,
    "DOT": 4.642018383282219,
    "LINK": 1.157473448962497,
    "NEAR": 5.534901716651276,
    "APT": 2.4682306615847427,
    "RNDR": 0,
    "ARB": 28.242391911180835,
    "SUI": 2.6418340246351755
  }
}
{
  "timestamp": "2025-05-15T08:56:03.529Z",
  "symbol": "ETH/USDT",
  "type": "BUY",
  "amount": "0.000000",
  "price": "2560.990000",
  "portfolio": {
    "USDT": 0.005984122879450849,
    "BTC": 0.0015485616336108827,
    "ETH": 0.05255644778845746,
    "DOGE": 500.7679147071791,
    "SHIB": 6410179.267067119,
    "PEPE": 6077890.545898125,
    "WIF": 64.16835684122458,
    "FLOKI": 569089.2671796229,
    "BONK": 2290938.768269374,
    "SOL": 0.24941334226403117,
    "AVAX": 1.5167511023976021,
    "MATIC": 0,
    "XRP": 12.484016712890217,
    "ADA": 33.841224980012676,
    "DOT": 4.642018383282219,
    "LINK": 1.157473448962497,
    "NEAR": 5.534901716651276,
    "APT": 2.4682306615847427,
    "RNDR": 0,
    "ARB": 28.242391911180835,
    "SUI": 2.6418340246351755
  }
}
{
  "timestamp": "2025-05-15T08:56:04.380Z",
  "symbol": "DOGE/USDT",
  "type": "BUY",
  "amount": "0.003931",
  "price": "0.228340",
  "portfolio": {
    "USDT": 0.005086504447533221,
    "BTC": 0.0015485616336108827,
    "ETH": 0.05255644778845746,
    "DOGE": 500.771841836957,
    "SHIB": 6410179.267067119,
    "PEPE": 6077890.545898125,
    "WIF": 64.16835684122458,
    "FLOKI": 569089.2671796229,
    "BONK": 2290938.768269374,
    "SOL": 0.24941334226403117,
    "AVAX": 1.5167511023976021,
    "MATIC": 0,
    "XRP": 12.484016712890217,
    "ADA": 33.841224980012676,
    "DOT": 4.642018383282219,
    "LINK": 1.157473448962497,
    "NEAR": 5.534901716651276,
    "APT": 2.4682306615847427,
    "RNDR": 0,
    "ARB": 28.242391911180835,
    "SUI": 2.6418340246351755
  }
}
{
  "timestamp": "2025-05-15T08:56:05.217Z",
  "symbol": "SHIB/USDT",
  "type": "BUY",
  "amount": "50.328210",
  "price": "0.000015",
  "portfolio": {
    "USDT": 0.004323528780403238,
    "BTC": 0.0015485616336108827,
    "ETH": 0.05255644778845746,
    "DOGE": 500.771841836957,
    "SHIB": 6410229.544949141,
    "PEPE": 6077890.545898125,
    "WIF": 64.16835684122458,
    "FLOKI": 569089.2671796229,
    "BONK": 2290938.768269374,
    "SOL": 0.24941334226403117,
    "AVAX": 1.5167511023976021,
    "MATIC": 0,
    "XRP": 12.484016712890217,
    "ADA": 33.841224980012676,
    "DOT": 4.642018383282219,
    "LINK": 1.157473448962497,
    "NEAR": 5.534901716651276,
    "APT": 2.4682306615847427,
    "RNDR": 0,
    "ARB": 28.242391911180835,
    "SUI": 2.6418340246351755
  }
}
{
  "timestamp": "2025-05-15T08:56:06.063Z",
  "symbol": "PEPE/USDT",
  "type": "BUY",
  "amount": "47.791401",
  "price": "0.000014",
  "portfolio": {
    "USDT": 0.003674999463342752,
    "BTC": 0.0015485616336108827,
    "ETH": 0.05255644778845746,
    "DOGE": 500.771841836957,
    "SHIB": 6410229.544949141,
    "PEPE": 6077938.289508128,
    "WIF": 64.16835684122458,
    "FLOKI": 569089.2671796229,
    "BONK": 2290938.768269374,
    "SOL": 0.24941334226403117,
    "AVAX": 1.5167511023976021,
    "MATIC": 0,
    "XRP": 12.484016712890217,
    "ADA": 33.841224980012676,
    "DOT": 4.642018383282219,
    "LINK": 1.157473448962497,
    "NEAR": 5.534901716651276,
    "APT": 2.4682306615847427,
    "RNDR": 0,
    "ARB": 28.242391911180835,
    "SUI": 2.6418340246351755
  }
}
{
  "timestamp": "2025-05-15T08:56:06.906Z",
  "symbol": "WIF/USDT",
  "type": "BUY",
  "amount": "0.000505",
  "price": "1.092000",
  "portfolio": {
    "USDT": 0.0031237495438413395,
    "BTC": 0.0015485616336108827,
    "ETH": 0.05255644778845746,
    "DOGE": 500.771841836957,
    "SHIB": 6410229.544949141,
    "PEPE": 6077938.289508128,
    "WIF": 64.16886114403555,
    "FLOKI": 569089.2671796229,
    "BONK": 2290938.768269374,
    "SOL": 0.24941334226403117,
    "AVAX": 1.5167511023976021,
    "MATIC": 0,
    "XRP": 12.484016712890217,
    "ADA": 33.841224980012676,
    "DOT": 4.642018383282219,
    "LINK": 1.157473448962497,
    "NEAR": 5.534901716651276,
    "APT": 2.4682306615847427,
    "RNDR": 0,
    "ARB": 28.242391911180835,
    "SUI": 2.6418340246351755
  }
}
{
  "timestamp": "2025-05-15T08:56:07.755Z",
  "symbol": "FLOKI/USDT",
  "type": "BUY",
  "amount": "4.465051",
  "price": "0.000105",
  "portfolio": {
    "USDT": 0.0026551871122651384,
    "BTC": 0.0015485616336108827,
    "ETH": 0.05255644778845746,
    "DOGE": 500.771841836957,
    "SHIB": 6410229.544949141,
    "PEPE": 6077938.289508128,
    "WIF": 64.16886114403555,
    "FLOKI": 569093.7277653781,
    "BONK": 2290938.768269374,
    "SOL": 0.24941334226403117,
    "AVAX": 1.5167511023976021,
    "MATIC": 0,
    "XRP": 12.484016712890217,
    "ADA": 33.841224980012676,
    "DOT": 4.642018383282219,
    "LINK": 1.157473448962497,
    "NEAR": 5.534901716651276,
    "APT": 2.4682306615847427,
    "RNDR": 0,
    "ARB": 28.242391911180835,
    "SUI": 2.6418340246351755
  }
}
{
  "timestamp": "2025-05-15T08:56:08.609Z",
  "symbol": "BONK/USDT",
  "type": "BUY",
  "amount": "17.972837",
  "price": "0.000022",
  "portfolio": {
    "USDT": 0.0022569090454253675,
    "BTC": 0.0015485616336108827,
    "ETH": 0.05255644778845746,
    "DOGE": 500.771841836957,
    "SHIB": 6410229.544949141,
    "PEPE": 6077938.289508128,
    "WIF": 64.16886114403555,
    "FLOKI": 569093.7277653781,
    "BONK": 2290956.7231334886,
    "SOL": 0.24941334226403117,
    "AVAX": 1.5167511023976021,
    "MATIC": 0,
    "XRP": 12.484016712890217,
    "ADA": 33.841224980012676,
    "DOT": 4.642018383282219,
    "LINK": 1.157473448962497,
    "NEAR": 5.534901716651276,
    "APT": 2.4682306615847427,
    "RNDR": 0,
    "ARB": 28.242391911180835,
    "SUI": 2.6418340246351755
  }
}
{
  "timestamp": "2025-05-15T08:56:09.468Z",
  "symbol": "SOL/USDT",
  "type": "BUY",
  "amount": "0.000002",
  "price": "172.800000",
  "portfolio": {
    "USDT": 0.0019183726886115625,
    "BTC": 0.0015485616336108827,
    "ETH": 0.05255644778845746,
    "DOGE": 500.771841836957,
    "SHIB": 6410229.544949141,
    "PEPE": 6077938.289508128,
    "WIF": 64.16886114403555,
    "FLOKI": 569093.7277653781,
    "BONK": 2290956.7231334886,
    "SOL": 0.249415299427344,
    "AVAX": 1.5167511023976021,
    "MATIC": 0,
    "XRP": 12.484016712890217,
    "ADA": 33.841224980012676,
    "DOT": 4.642018383282219,
    "LINK": 1.157473448962497,
    "NEAR": 5.534901716651276,
    "APT": 2.4682306615847427,
    "RNDR": 0,
    "ARB": 28.242391911180835,
    "SUI": 2.6418340246351755
  }
}
{
  "timestamp": "2025-05-15T08:56:10.315Z",
  "symbol": "AVAX/USDT",
  "type": "BUY",
  "amount": "0.000012",
  "price": "24.150000",
  "portfolio": {
    "USDT": 0.0016306167853198281,
    "BTC": 0.0015485616336108827,
    "ETH": 0.05255644778845746,
    "DOGE": 500.771841836957,
    "SHIB": 6410229.544949141,
    "PEPE": 6077938.289508128,
    "WIF": 64.16886114403555,
    "FLOKI": 569093.7277653781,
    "BONK": 2290956.7231334886,
    "SOL": 0.249415299427344,
    "AVAX": 1.5167630058405581,
    "MATIC": 0,
    "XRP": 12.484016712890217,
    "ADA": 33.841224980012676,
    "DOT": 4.642018383282219,
    "LINK": 1.157473448962497,
    "NEAR": 5.534901716651276,
    "APT": 2.4682306615847427,
    "RNDR": 0,
    "ARB": 28.242391911180835,
    "SUI": 2.6418340246351755
  }
}
{
  "timestamp": "2025-05-15T08:56:12.018Z",
  "symbol": "XRP/USDT",
  "type": "BUY",
  "amount": "0.000098",
  "price": "2.497000",
  "portfolio": {
    "USDT": 0.0013860242675218539,
    "BTC": 0.0015485616336108827,
    "ETH": 0.05255644778845746,
    "DOGE": 500.771841836957,
    "SHIB": 6410229.544949141,
    "PEPE": 6077938.289508128,
    "WIF": 64.16886114403555,
    "FLOKI": 569093.7277653781,
    "BONK": 2290956.7231334886,
    "SOL": 0.249415299427344,
    "AVAX": 1.5167630058405581,
    "MATIC": 0,
    "XRP": 12.484114569488247,
    "ADA": 33.841224980012676,
    "DOT": 4.642018383282219,
    "LINK": 1.157473448962497,
    "NEAR": 5.534901716651276,
    "APT": 2.4682306615847427,
    "RNDR": 0,
    "ARB": 28.242391911180835,
    "SUI": 2.6418340246351755
  }
}
{
  "timestamp": "2025-05-15T08:56:12.860Z",
  "symbol": "ADA/USDT",
  "type": "BUY",
  "amount": "0.000266",
  "price": "0.781900",
  "portfolio": {
    "USDT": 0.0011781206273935758,
    "BTC": 0.0015485616336108827,
    "ETH": 0.05255644778845746,
    "DOGE": 500.771841836957,
    "SHIB": 6410229.544949141,
    "PEPE": 6077938.289508128,
    "WIF": 64.16886114403555,
    "FLOKI": 569093.7277653781,
    "BONK": 2290956.7231334886,
    "SOL": 0.249415299427344,
    "AVAX": 1.5167630058405581,
    "MATIC": 0,
    "XRP": 12.484114569488247,
    "ADA": 33.841490609551606,
    "DOT": 4.642018383282219,
    "LINK": 1.157473448962497,
    "NEAR": 5.534901716651276,
    "APT": 2.4682306615847427,
    "RNDR": 0,
    "ARB": 28.242391911180835,
    "SUI": 2.6418340246351755
  }
}
{
  "timestamp": "2025-05-15T08:56:13.705Z",
  "symbol": "DOT/USDT",
  "type": "BUY",
  "amount": "0.000036",
  "price": "4.846000",
  "portfolio": {
    "USDT": 0.0010014025332845396,
    "BTC": 0.0015485616336108827,
    "ETH": 0.05255644778845746,
    "DOGE": 500.771841836957,
    "SHIB": 6410229.544949141,
    "PEPE": 6077938.289508128,
    "WIF": 64.16886114403555,
    "FLOKI": 569093.7277653781,
    "BONK": 2290956.7231334886,
    "SOL": 0.249415299427344,
    "AVAX": 1.5167630058405581,
    "MATIC": 0,
    "XRP": 12.484114569488247,
    "ADA": 33.841490609551606,
    "DOT": 4.642054813611566,
    "LINK": 1.157473448962497,
    "NEAR": 5.534901716651276,
    "APT": 2.4682306615847427,
    "RNDR": 0,
    "ARB": 28.242391911180835,
    "SUI": 2.6418340246351755
  }
}
{
  "timestamp": "2025-05-15T08:56:14.549Z",
  "symbol": "LINK/USDT",
  "type": "BUY",
  "amount": "0.000009",
  "price": "16.520000",
  "portfolio": {
    "USDT": 0.0008511921532918587,
    "BTC": 0.0015485616336108827,
    "ETH": 0.05255644778845746,
    "DOGE": 500.771841836957,
    "SHIB": 6410229.544949141,
    "PEPE": 6077938.289508128,
    "WIF": 64.16886114403555,
    "FLOKI": 569093.7277653781,
    "BONK": 2290956.7231334886,
    "SOL": 0.249415299427344,
    "AVAX": 1.5167630058405581,
    "MATIC": 0,
    "XRP": 12.484114569488247,
    "ADA": 33.841490609551606,
    "DOT": 4.642054813611566,
    "LINK": 1.157482532507873,
    "NEAR": 5.534901716651276,
    "APT": 2.4682306615847427,
    "RNDR": 0,
    "ARB": 28.242391911180835,
    "SUI": 2.6418340246351755
  }
}
{
  "timestamp": "2025-05-15T08:56:15.401Z",
  "symbol": "NEAR/USDT",
  "type": "BUY",
  "amount": "0.000043",
  "price": "2.938000",
  "portfolio": {
    "USDT": 0.0007235133302980799,
    "BTC": 0.0015485616336108827,
    "ETH": 0.05255644778845746,
    "DOGE": 500.771841836957,
    "SHIB": 6410229.544949141,
    "PEPE": 6077938.289508128,
    "WIF": 64.16886114403555,
    "FLOKI": 569093.7277653781,
    "BONK": 2290956.7231334886,
    "SOL": 0.249415299427344,
    "AVAX": 1.5167630058405581,
    "MATIC": 0,
    "XRP": 12.484114569488247,
    "ADA": 33.841490609551606,
    "DOT": 4.642054813611566,
    "LINK": 1.157482532507873,
    "NEAR": 5.534945130927713,
    "APT": 2.4682306615847427,
    "RNDR": 0,
    "ARB": 28.242391911180835,
    "SUI": 2.6418340246351755
  }
}
{
  "timestamp": "2025-05-15T08:56:16.243Z",
  "symbol": "APT/USDT",
  "type": "BUY",
  "amount": "0.000019",
  "price": "5.602000",
  "portfolio": {
    "USDT": 0.0006149863307533679,
    "BTC": 0.0015485616336108827,
    "ETH": 0.05255644778845746,
    "DOGE": 500.771841836957,
    "SHIB": 6410229.544949141,
    "PEPE": 6077938.289508128,
    "WIF": 64.16886114403555,
    "FLOKI": 569093.7277653781,
    "BONK": 2290956.7231334886,
    "SOL": 0.249415299427344,
    "AVAX": 1.5167630058405581,
    "MATIC": 0,
    "XRP": 12.484114569488247,
    "ADA": 33.841490609551606,
    "DOT": 4.642054813611566,
    "LINK": 1.157482532507873,
    "NEAR": 5.534945130927713,
    "APT": 2.4682500151142936,
    "RNDR": 0,
    "ARB": 28.242391911180835,
    "SUI": 2.6418340246351755
  }
}
{
  "timestamp": "2025-05-15T08:56:17.945Z",
  "symbol": "ARB/USDT",
  "type": "BUY",
  "amount": "0.000222",
  "price": "0.415800",
  "portfolio": {
    "USDT": 0.0005227383811403628,
    "BTC": 0.0015485616336108827,
    "ETH": 0.05255644778845746,
    "DOGE": 500.771841836957,
    "SHIB": 6410229.544949141,
    "PEPE": 6077938.289508128,
    "WIF": 64.16886114403555,
    "FLOKI": 569093.7277653781,
    "BONK": 2290956.7231334886,
    "SOL": 0.249415299427344,
    "AVAX": 1.5167630058405581,
    "MATIC": 0,
    "XRP": 12.484114569488247,
    "ADA": 33.841490609551606,
    "DOT": 4.642054813611566,
    "LINK": 1.157482532507873,
    "NEAR": 5.534945130927713,
    "APT": 2.4682500151142936,
    "RNDR": 0,
    "ARB": 28.24261354586497,
    "SUI": 2.6418340246351755
  }
}
{
  "timestamp": "2025-05-15T08:56:18.798Z",
  "symbol": "SUI/USDT",
  "type": "BUY",
  "amount": "0.000021",
  "price": "3.781800",
  "portfolio": {
    "USDT": 0.00044432762396930835,
    "BTC": 0.0015485616336108827,
    "ETH": 0.05255644778845746,
    "DOGE": 500.771841836957,
    "SHIB": 6410229.544949141,
    "PEPE": 6077938.289508128,
    "WIF": 64.16886114403555,
    "FLOKI": 569093.7277653781,
    "BONK": 2290956.7231334886,
    "SOL": 0.249415299427344,
    "AVAX": 1.5167630058405581,
    "MATIC": 0,
    "XRP": 12.484114569488247,
    "ADA": 33.841490609551606,
    "DOT": 4.642054813611566,
    "LINK": 1.157482532507873,
    "NEAR": 5.534945130927713,
    "APT": 2.4682500151142936,
    "RNDR": 0,
    "ARB": 28.24261354586497,
    "SUI": 2.6418547376148185
  }
}
{
  "timestamp": "2025-05-15T08:56:32.678Z",
  "symbol": "BTC/USDT",
  "type": "BUY",
  "amount": "0.000000",
  "price": "102259.440000",
  "portfolio": {
    "USDT": 0.0003776784803739121,
    "BTC": 0.00154856228472431,
    "ETH": 0.05255644778845746,
    "DOGE": 500.771841836957,
    "SHIB": 6410229.544949141,
    "PEPE": 6077938.289508128,
    "WIF": 64.16886114403555,
    "FLOKI": 569093.7277653781,
    "BONK": 2290956.7231334886,
    "SOL": 0.249415299427344,
    "AVAX": 1.5167630058405581,
    "MATIC": 0,
    "XRP": 12.484114569488247,
    "ADA": 33.841490609551606,
    "DOT": 4.642054813611566,
    "LINK": 1.157482532507873,
    "NEAR": 5.534945130927713,
    "APT": 2.4682500151142936,
    "RNDR": 0,
    "ARB": 28.24261354586497,
    "SUI": 2.6418547376148185
  }
}
{
  "timestamp": "2025-05-15T08:56:33.532Z",
  "symbol": "ETH/USDT",
  "type": "BUY",
  "amount": "0.000000",
  "price": "2561.870000",
  "portfolio": {
    "USDT": 0.00032102670831782526,
    "BTC": 0.00154856228472431,
    "ETH": 0.05255646987978929,
    "DOGE": 500.771841836957,
    "SHIB": 6410229.544949141,
    "PEPE": 6077938.289508128,
    "WIF": 64.16886114403555,
    "FLOKI": 569093.7277653781,
    "BONK": 2290956.7231334886,
    "SOL": 0.249415299427344,
    "AVAX": 1.5167630058405581,
    "MATIC": 0,
    "XRP": 12.484114569488247,
    "ADA": 33.841490609551606,
    "DOT": 4.642054813611566,
    "LINK": 1.157482532507873,
    "NEAR": 5.534945130927713,
    "APT": 2.4682500151142936,
    "RNDR": 0,
    "ARB": 28.24261354586497,
    "SUI": 2.6418547376148185
  }
}
{
  "timestamp": "2025-05-15T08:56:34.382Z",
  "symbol": "DOGE/USDT",
  "type": "BUY",
  "amount": "0.000211",
  "price": "0.228510",
  "portfolio": {
    "USDT": 0.0002728727020701515,
    "BTC": 0.00154856228472431,
    "ETH": 0.05255646987978929,
    "DOGE": 500.7720523566377,
    "SHIB": 6410229.544949141,
    "PEPE": 6077938.289508128,
    "WIF": 64.16886114403555,
    "FLOKI": 569093.7277653781,
    "BONK": 2290956.7231334886,
    "SOL": 0.249415299427344,
    "AVAX": 1.5167630058405581,
    "MATIC": 0,
    "XRP": 12.484114569488247,
    "ADA": 33.841490609551606,
    "DOT": 4.642054813611566,
    "LINK": 1.157482532507873,
    "NEAR": 5.534945130927713,
    "APT": 2.4682500151142936,
    "RNDR": 0,
    "ARB": 28.24261354586497,
    "SUI": 2.6418547376148185
  }
}
{
  "timestamp": "2025-05-15T08:56:35.237Z",
  "symbol": "SHIB/USDT",
  "type": "BUY",
  "amount": "2.696371",
  "price": "0.000015",
  "portfolio": {
    "USDT": 0.00023194179675962875,
    "BTC": 0.00154856228472431,
    "ETH": 0.05255646987978929,
    "DOGE": 500.7720523566377,
    "SHIB": 6410232.238623344,
    "PEPE": 6077938.289508128,
    "WIF": 64.16886114403555,
    "FLOKI": 569093.7277653781,
    "BONK": 2290956.7231334886,
    "SOL": 0.249415299427344,
    "AVAX": 1.5167630058405581,
    "MATIC": 0,
    "XRP": 12.484114569488247,
    "ADA": 33.841490609551606,
    "DOT": 4.642054813611566,
    "LINK": 1.157482532507873,
    "NEAR": 5.534945130927713,
    "APT": 2.4682500151142936,
    "RNDR": 0,
    "ARB": 28.24261354586497,
    "SUI": 2.6418547376148185
  }
}
{
  "timestamp": "2025-05-15T08:56:36.075Z",
  "symbol": "PEPE/USDT",
  "type": "BUY",
  "amount": "2.561949",
  "price": "0.000014",
  "portfolio": {
    "USDT": 0.00019715052724568444,
    "BTC": 0.00154856228472431,
    "ETH": 0.05255646987978929,
    "DOGE": 500.7720523566377,
    "SHIB": 6410232.238623344,
    "PEPE": 6077940.848895333,
    "WIF": 64.16886114403555,
    "FLOKI": 569093.7277653781,
    "BONK": 2290956.7231334886,
    "SOL": 0.249415299427344,
    "AVAX": 1.5167630058405581,
    "MATIC": 0,
    "XRP": 12.484114569488247,
    "ADA": 33.841490609551606,
    "DOT": 4.642054813611566,
    "LINK": 1.157482532507873,
    "NEAR": 5.534945130927713,
    "APT": 2.4682500151142936,
    "RNDR": 0,
    "ARB": 28.24261354586497,
    "SUI": 2.6418547376148185
  }
}
{
  "timestamp": "2025-05-15T08:56:36.921Z",
  "symbol": "WIF/USDT",
  "type": "BUY",
  "amount": "0.000027",
  "price": "1.093000",
  "portfolio": {
    "USDT": 0.00016757794815883177,
    "BTC": 0.00154856228472431,
    "ETH": 0.05255646987978929,
    "DOGE": 500.7720523566377,
    "SHIB": 6410232.238623344,
    "PEPE": 6077940.848895333,
    "WIF": 64.16888817331872,
    "FLOKI": 569093.7277653781,
    "BONK": 2290956.7231334886,
    "SOL": 0.249415299427344,
    "AVAX": 1.5167630058405581,
    "MATIC": 0,
    "XRP": 12.484114569488247,
    "ADA": 33.841490609551606,
    "DOT": 4.642054813611566,
    "LINK": 1.157482532507873,
    "NEAR": 5.534945130927713,
    "APT": 2.4682500151142936,
    "RNDR": 0,
    "ARB": 28.24261354586497,
    "SUI": 2.6418547376148185
  }
}
{
  "timestamp": "2025-05-15T08:56:37.766Z",
  "symbol": "FLOKI/USDT",
  "type": "BUY",
  "amount": "0.239488",
  "price": "0.000105",
  "portfolio": {
    "USDT": 0.000142441255935007,
    "BTC": 0.00154856228472431,
    "ETH": 0.05255646987978929,
    "DOGE": 500.7720523566377,
    "SHIB": 6410232.238623344,
    "PEPE": 6077940.848895333,
    "WIF": 64.16888817331872,
    "FLOKI": 569093.9670141923,
    "BONK": 2290956.7231334886,
    "SOL": 0.249415299427344,
    "AVAX": 1.5167630058405581,
    "MATIC": 0,
    "XRP": 12.484114569488247,
    "ADA": 33.841490609551606,
    "DOT": 4.642054813611566,
    "LINK": 1.157482532507873,
    "NEAR": 5.534945130927713,
    "APT": 2.4682500151142936,
    "RNDR": 0,
    "ARB": 28.24261354586497,
    "SUI": 2.6418547376148185
  }
}
{
  "timestamp": "2025-05-15T08:56:38.627Z",
  "symbol": "BONK/USDT",
  "type": "BUY",
  "amount": "0.962441",
  "price": "0.000022",
  "portfolio": {
    "USDT": 0.00012107506754475595,
    "BTC": 0.00154856228472431,
    "ETH": 0.05255646987978929,
    "DOGE": 500.7720523566377,
    "SHIB": 6410232.238623344,
    "PEPE": 6077940.848895333,
    "WIF": 64.16888817331872,
    "FLOKI": 569093.9670141923,
    "BONK": 2290957.684611966,
    "SOL": 0.249415299427344,
    "AVAX": 1.5167630058405581,
    "MATIC": 0,
    "XRP": 12.484114569488247,
    "ADA": 33.841490609551606,
    "DOT": 4.642054813611566,
    "LINK": 1.157482532507873,
    "NEAR": 5.534945130927713,
    "APT": 2.4682500151142936,
    "RNDR": 0,
    "ARB": 28.24261354586497,
    "SUI": 2.6418547376148185
  }
}
{
  "timestamp": "2025-05-15T08:56:39.472Z",
  "symbol": "SOL/USDT",
  "type": "BUY",
  "amount": "0.000000",
  "price": "172.880000",
  "portfolio": {
    "USDT": 0.00010291380741304256,
    "BTC": 0.00154856228472431,
    "ETH": 0.05255646987978929,
    "DOGE": 500.7720523566377,
    "SHIB": 6410232.238623344,
    "PEPE": 6077940.848895333,
    "WIF": 64.16888817331872,
    "FLOKI": 569093.9670141923,
    "BONK": 2290957.684611966,
    "SOL": 0.24941540437354293,
    "AVAX": 1.5167630058405581,
    "MATIC": 0,
    "XRP": 12.484114569488247,
    "ADA": 33.841490609551606,
    "DOT": 4.642054813611566,
    "LINK": 1.157482532507873,
    "NEAR": 5.534945130927713,
    "APT": 2.4682500151142936,
    "RNDR": 0,
    "ARB": 28.24261354586497,
    "SUI": 2.6418547376148185
  }
}
{
  "timestamp": "2025-05-15T08:56:40.312Z",
  "symbol": "AVAX/USDT",
  "type": "BUY",
  "amount": "0.000001",
  "price": "24.150000",
  "portfolio": {
    "USDT": 0.00008747673630108618,
    "BTC": 0.00154856228472431,
    "ETH": 0.05255646987978929,
    "DOGE": 500.7720523566377,
    "SHIB": 6410232.238623344,
    "PEPE": 6077940.848895333,
    "WIF": 64.16888817331872,
    "FLOKI": 569093.9670141923,
    "BONK": 2290957.684611966,
    "SOL": 0.24941540437354293,
    "AVAX": 1.516763644417537,
    "MATIC": 0,
    "XRP": 12.484114569488247,
    "ADA": 33.841490609551606,
    "DOT": 4.642054813611566,
    "LINK": 1.157482532507873,
    "NEAR": 5.534945130927713,
    "APT": 2.4682500151142936,
    "RNDR": 0,
    "ARB": 28.24261354586497,
    "SUI": 2.6418547376148185
  }
}
{
  "timestamp": "2025-05-15T08:56:42.034Z",
  "symbol": "XRP/USDT",
  "type": "BUY",
  "amount": "0.000005",
  "price": "2.497200",
  "portfolio": {
    "USDT": 0.00007435522585592325,
    "BTC": 0.00154856228472431,
    "ETH": 0.05255646987978929,
    "DOGE": 500.7720523566377,
    "SHIB": 6410232.238623344,
    "PEPE": 6077940.848895333,
    "WIF": 64.16888817331872,
    "FLOKI": 569093.9670141923,
    "BONK": 2290957.684611966,
    "SOL": 0.24941540437354293,
    "AVAX": 1.516763644417537,
    "MATIC": 0,
    "XRP": 12.484119818722963,
    "ADA": 33.841490609551606,
    "DOT": 4.642054813611566,
    "LINK": 1.157482532507873,
    "NEAR": 5.534945130927713,
    "APT": 2.4682500151142936,
    "RNDR": 0,
    "ARB": 28.24261354586497,
    "SUI": 2.6418547376148185
  }
}
{
  "timestamp": "2025-05-15T08:56:42.865Z",
  "symbol": "ADA/USDT",
  "type": "BUY",
  "amount": "0.000014",
  "price": "0.783500",
  "portfolio": {
    "USDT": 0.00006320194197753477,
    "BTC": 0.00154856228472431,
    "ETH": 0.05255646987978929,
    "DOGE": 500.7720523566377,
    "SHIB": 6410232.238623344,
    "PEPE": 6077940.848895333,
    "WIF": 64.16888817331872,
    "FLOKI": 569093.9670141923,
    "BONK": 2290957.684611966,
    "SOL": 0.24941540437354293,
    "AVAX": 1.516763644417537,
    "MATIC": 0,
    "XRP": 12.484119818722963,
    "ADA": 33.84150483052237,
    "DOT": 4.642054813611566,
    "LINK": 1.157482532507873,
    "NEAR": 5.534945130927713,
    "APT": 2.4682500151142936,
    "RNDR": 0,
    "ARB": 28.24261354586497,
    "SUI": 2.6418547376148185
  }
}
{
  "timestamp": "2025-05-15T08:56:43.720Z",
  "symbol": "DOT/USDT",
  "type": "BUY",
  "amount": "0.000002",
  "price": "4.847000",
  "portfolio": {
    "USDT": 0.00005372165068090456,
    "BTC": 0.00154856228472431,
    "ETH": 0.05255646987978929,
    "DOGE": 500.7720523566377,
    "SHIB": 6410232.238623344,
    "PEPE": 6077940.848895333,
    "WIF": 64.16888817331872,
    "FLOKI": 569093.9670141923,
    "BONK": 2290957.684611966,
    "SOL": 0.24941540437354293,
    "AVAX": 1.516763644417537,
    "MATIC": 0,
    "XRP": 12.484119818722963,
    "ADA": 33.84150483052237,
    "DOT": 4.642056767564734,
    "LINK": 1.157482532507873,
    "NEAR": 5.534945130927713,
    "APT": 2.4682500151142936,
    "RNDR": 0,
    "ARB": 28.24261354586497,
    "SUI": 2.6418547376148185
  }
}
{
  "timestamp": "2025-05-15T08:56:44.567Z",
  "symbol": "LINK/USDT",
  "type": "BUY",
  "amount": "0.000000",
  "price": "16.520000",
  "portfolio": {
    "USDT": 0.000045663403078768876,
    "BTC": 0.00154856228472431,
    "ETH": 0.05255646987978929,
    "DOGE": 500.7720523566377,
    "SHIB": 6410232.238623344,
    "PEPE": 6077940.848895333,
    "WIF": 64.16888817331872,
    "FLOKI": 569093.9670141923,
    "BONK": 2290957.684611966,
    "SOL": 0.24941540437354293,
    "AVAX": 1.516763644417537,
    "MATIC": 0,
    "XRP": 12.484119818722963,
    "ADA": 33.84150483052237,
    "DOT": 4.642056767564734,
    "LINK": 1.1574830198074708,
    "NEAR": 5.534945130927713,
    "APT": 2.4682500151142936,
    "RNDR": 0,
    "ARB": 28.24261354586497,
    "SUI": 2.6418547376148185
  }
}
{
  "timestamp": "2025-05-15T08:56:45.419Z",
  "symbol": "NEAR/USDT",
  "type": "BUY",
  "amount": "0.000002",
  "price": "2.941000",
  "portfolio": {
    "USDT": 0.000038813892616953546,
    "BTC": 0.00154856228472431,
    "ETH": 0.05255646987978929,
    "DOGE": 500.7720523566377,
    "SHIB": 6410232.238623344,
    "PEPE": 6077940.848895333,
    "WIF": 64.16888817331872,
    "FLOKI": 569093.9670141923,
    "BONK": 2290957.684611966,
    "SOL": 0.24941540437354293,
    "AVAX": 1.516763644417537,
    "MATIC": 0,
    "XRP": 12.484119818722963,
    "ADA": 33.84150483052237,
    "DOT": 4.642056767564734,
    "LINK": 1.1574830198074708,
    "NEAR": 5.534947457572035,
    "APT": 2.4682500151142936,
    "RNDR": 0,
    "ARB": 28.24261354586497,
    "SUI": 2.6418547376148185
  }
}
{
  "timestamp": "2025-05-15T08:56:46.250Z",
  "symbol": "APT/USDT",
  "type": "BUY",
  "amount": "0.000001",
  "price": "5.607000",
  "portfolio": {
    "USDT": 0.000032991808724410515,
    "BTC": 0.00154856228472431,
    "ETH": 0.05255646987978929,
    "DOGE": 500.7720523566377,
    "SHIB": 6410232.238623344,
    "PEPE": 6077940.848895333,
    "WIF": 64.16888817331872,
    "FLOKI": 569093.9670141923,
    "BONK": 2290957.684611966,
    "SOL": 0.24941540437354293,
    "AVAX": 1.516763644417537,
    "MATIC": 0,
    "XRP": 12.484119818722963,
    "ADA": 33.84150483052237,
    "DOT": 4.642056767564734,
    "LINK": 1.1574830198074708,
    "NEAR": 5.534947457572035,
    "APT": 2.468251052435822,
    "RNDR": 0,
    "ARB": 28.24261354586497,
    "SUI": 2.6418547376148185
  }
}
{
  "timestamp": "2025-05-15T08:56:48.459Z",
  "symbol": "ARB/USDT",
  "type": "BUY",
  "amount": "0.000012",
  "price": "0.416000",
  "portfolio": {
    "USDT": 0.000028043037415748938,
    "BTC": 0.00154856228472431,
    "ETH": 0.05255646987978929,
    "DOGE": 500.7720523566377,
    "SHIB": 6410232.238623344,
    "PEPE": 6077940.848895333,
    "WIF": 64.16888817331872,
    "FLOKI": 569093.9670141923,
    "BONK": 2290957.684611966,
    "SOL": 0.24941540437354293,
    "AVAX": 1.516763644417537,
    "MATIC": 0,
    "XRP": 12.484119818722963,
    "ADA": 33.84150483052237,
    "DOT": 4.642056767564734,
    "LINK": 1.1574830198074708,
    "NEAR": 5.534947457572035,
    "APT": 2.468251052435822,
    "RNDR": 0,
    "ARB": 28.24262543005376,
    "SUI": 2.6418547376148185
  }
}
{
  "timestamp": "2025-05-15T08:56:49.301Z",
  "symbol": "SUI/USDT",
  "type": "BUY",
  "amount": "0.000001",
  "price": "3.785000",
  "portfolio": {
    "USDT": 0.000023836581803386596,
    "BTC": 0.00154856228472431,
    "ETH": 0.05255646987978929,
    "DOGE": 500.7720523566377,
    "SHIB": 6410232.238623344,
    "PEPE": 6077940.848895333,
    "WIF": 64.16888817331872,
    "FLOKI": 569093.9670141923,
    "BONK": 2290957.684611966,
    "SOL": 0.24941540437354293,
    "AVAX": 1.516763644417537,
    "MATIC": 0,
    "XRP": 12.484119818722963,
    "ADA": 33.84150483052237,
    "DOT": 4.642056767564734,
    "LINK": 1.1574830198074708,
    "NEAR": 5.534947457572035,
    "APT": 2.468251052435822,
    "RNDR": 0,
    "ARB": 28.24262543005376,
    "SUI": 2.6418558478523764
  }
}
{
  "timestamp": "2025-05-15T08:57:02.697Z",
  "symbol": "BTC/USDT",
  "type": "BUY",
  "amount": "0.000000",
  "price": "102271.140000",
  "portfolio": {
    "USDT": 0.000020261094532878607,
    "BTC": 0.0015485623196502118,
    "ETH": 0.05255646987978929,
    "DOGE": 500.7720523566377,
    "SHIB": 6410232.238623344,
    "PEPE": 6077940.848895333,
    "WIF": 64.16888817331872,
    "FLOKI": 569093.9670141923,
    "BONK": 2290957.684611966,
    "SOL": 0.24941540437354293,
    "AVAX": 1.516763644417537,
    "MATIC": 0,
    "XRP": 12.484119818722963,
    "ADA": 33.84150483052237,
    "DOT": 4.642056767564734,
    "LINK": 1.1574830198074708,
    "NEAR": 5.534947457572035,
    "APT": 2.468251052435822,
    "RNDR": 0,
    "ARB": 28.24262543005376,
    "SUI": 2.6418558478523764
  }
}
{
  "timestamp": "2025-05-15T08:57:03.548Z",
  "symbol": "ETH/USDT",
  "type": "BUY",
  "amount": "0.000000",
  "price": "2564.000000",
  "portfolio": {
    "USDT": 0.000017221930352946815,
    "BTC": 0.0015485623196502118,
    "ETH": 0.052556471063925414,
    "DOGE": 500.7720523566377,
    "SHIB": 6410232.238623344,
    "PEPE": 6077940.848895333,
    "WIF": 64.16888817331872,
    "FLOKI": 569093.9670141923,
    "BONK": 2290957.684611966,
    "SOL": 0.24941540437354293,
    "AVAX": 1.516763644417537,
    "MATIC": 0,
    "XRP": 12.484119818722963,
    "ADA": 33.84150483052237,
    "DOT": 4.642056767564734,
    "LINK": 1.1574830198074708,
    "NEAR": 5.534947457572035,
    "APT": 2.468251052435822,
    "RNDR": 0,
    "ARB": 28.24262543005376,
    "SUI": 2.6418558478523764
  }
}
{
  "timestamp": "2025-05-15T08:57:04.417Z",
  "symbol": "DOGE/USDT",
  "type": "BUY",
  "amount": "0.000011",
  "price": "0.228640",
  "portfolio": {
    "USDT": 0.000014638640800004792,
    "BTC": 0.0015485623196502118,
    "ETH": 0.052556471063925414,
    "DOGE": 500.7720636438414,
    "SHIB": 6410232.238623344,
    "PEPE": 6077940.848895333,
    "WIF": 64.16888817331872,
    "FLOKI": 569093.9670141923,
    "BONK": 2290957.684611966,
    "SOL": 0.24941540437354293,
    "AVAX": 1.516763644417537,
    "MATIC": 0,
    "XRP": 12.484119818722963,
    "ADA": 33.84150483052237,
    "DOT": 4.642056767564734,
    "LINK": 1.1574830198074708,
    "NEAR": 5.534947457572035,
    "APT": 2.468251052435822,
    "RNDR": 0,
    "ARB": 28.24262543005376,
    "SUI": 2.6418558478523764
  }
}
{
  "timestamp": "2025-05-15T08:57:05.263Z",
  "symbol": "SHIB/USDT",
  "type": "BUY",
  "amount": "0.144555",
  "price": "0.000015",
  "portfolio": {
    "USDT": 0.000012442844680004073,
    "BTC": 0.0015485623196502118,
    "ETH": 0.052556471063925414,
    "DOGE": 500.7720636438414,
    "SHIB": 6410232.383034162,
    "PEPE": 6077940.848895333,
    "WIF": 64.16888817331872,
    "FLOKI": 569093.9670141923,
    "BONK": 2290957.684611966,
    "SOL": 0.24941540437354293,
    "AVAX": 1.516763644417537,
    "MATIC": 0,
    "XRP": 12.484119818722963,
    "ADA": 33.84150483052237,
    "DOT": 4.642056767564734,
    "LINK": 1.1574830198074708,
    "NEAR": 5.534947457572035,
    "APT": 2.468251052435822,
    "RNDR": 0,
    "ARB": 28.24262543005376,
    "SUI": 2.6418558478523764
  }
}
{
  "timestamp": "2025-05-15T08:57:06.110Z",
  "symbol": "PEPE/USDT",
  "type": "BUY",
  "amount": "0.137136",
  "price": "0.000014",
  "portfolio": {
    "USDT": 0.000010576417978003463,
    "BTC": 0.0015485623196502118,
    "ETH": 0.052556471063925414,
    "DOGE": 500.7720636438414,
    "SHIB": 6410232.383034162,
    "PEPE": 6077940.985894619,
    "WIF": 64.16888817331872,
    "FLOKI": 569093.9670141923,
    "BONK": 2290957.684611966,
    "SOL": 0.24941540437354293,
    "AVAX": 1.516763644417537,
    "MATIC": 0,
    "XRP": 12.484119818722963,
    "ADA": 33.84150483052237,
    "DOT": 4.642056767564734,
    "LINK": 1.1574830198074708,
    "NEAR": 5.534947457572035,
    "APT": 2.468251052435822,
    "RNDR": 0,
    "ARB": 28.24262543005376,
    "SUI": 2.6418558478523764
  }
}
{
  "timestamp": "2025-05-15T08:57:06.968Z",
  "symbol": "WIF/USDT",
  "type": "BUY",
  "amount": "0.000001",
  "price": "1.094000",
  "portfolio": {
    "USDT": 0.000008989955281302942,
    "BTC": 0.0015485623196502118,
    "ETH": 0.052556471063925414,
    "DOGE": 500.7720636438414,
    "SHIB": 6410232.383034162,
    "PEPE": 6077940.985894619,
    "WIF": 64.16888962201729,
    "FLOKI": 569093.9670141923,
    "BONK": 2290957.684611966,
    "SOL": 0.24941540437354293,
    "AVAX": 1.516763644417537,
    "MATIC": 0,
    "XRP": 12.484119818722963,
    "ADA": 33.84150483052237,
    "DOT": 4.642056767564734,
    "LINK": 1.1574830198074708,
    "NEAR": 5.534947457572035,
    "APT": 2.468251052435822,
    "RNDR": 0,
    "ARB": 28.24262543005376,
    "SUI": 2.6418558478523764
  }
}
{
  "timestamp": "2025-05-15T08:57:07.820Z",
  "symbol": "FLOKI/USDT",
  "type": "BUY",
  "amount": "0.012837",
  "price": "0.000105",
  "portfolio": {
    "USDT": 0.000007641461989107501,
    "BTC": 0.0015485623196502118,
    "ETH": 0.052556471063925414,
    "DOGE": 500.7720636438414,
    "SHIB": 6410232.383034162,
    "PEPE": 6077940.985894619,
    "WIF": 64.16888962201729,
    "FLOKI": 569093.9798380361,
    "BONK": 2290957.684611966,
    "SOL": 0.24941540437354293,
    "AVAX": 1.516763644417537,
    "MATIC": 0,
    "XRP": 12.484119818722963,
    "ADA": 33.84150483052237,
    "DOT": 4.642056767564734,
    "LINK": 1.1574830198074708,
    "NEAR": 5.534947457572035,
    "APT": 2.468251052435822,
    "RNDR": 0,
    "ARB": 28.24262543005376,
    "SUI": 2.6418558478523764
  }
}
{
  "timestamp": "2025-05-15T08:57:08.666Z",
  "symbol": "BONK/USDT",
  "type": "BUY",
  "amount": "0.051631",
  "price": "0.000022",
  "portfolio": {
    "USDT": 0.0000064952426907413755,
    "BTC": 0.0015485623196502118,
    "ETH": 0.052556471063925414,
    "DOGE": 500.7720636438414,
    "SHIB": 6410232.383034162,
    "PEPE": 6077940.985894619,
    "WIF": 64.16888962201729,
    "FLOKI": 569093.9798380361,
    "BONK": 2290957.7361918343,
    "SOL": 0.24941540437354293,
    "AVAX": 1.516763644417537,
    "MATIC": 0,
    "XRP": 12.484119818722963,
    "ADA": 33.84150483052237,
    "DOT": 4.642056767564734,
    "LINK": 1.1574830198074708,
    "NEAR": 5.534947457572035,
    "APT": 2.468251052435822,
    "RNDR": 0,
    "ARB": 28.24262543005376,
    "SUI": 2.6418558478523764
  }
}
{
  "timestamp": "2025-05-15T08:57:09.518Z",
  "symbol": "SOL/USDT",
  "type": "BUY",
  "amount": "0.000000",
  "price": "172.950000",
  "portfolio": {
    "USDT": 0.000005520956287130169,
    "BTC": 0.0015485623196502118,
    "ETH": 0.052556471063925414,
    "DOGE": 500.7720636438414,
    "SHIB": 6410232.383034162,
    "PEPE": 6077940.985894619,
    "WIF": 64.16888962201729,
    "FLOKI": 569093.9798380361,
    "BONK": 2290957.7361918343,
    "SOL": 0.24941541000125103,
    "AVAX": 1.516763644417537,
    "MATIC": 0,
    "XRP": 12.484119818722963,
    "ADA": 33.84150483052237,
    "DOT": 4.642056767564734,
    "LINK": 1.1574830198074708,
    "NEAR": 5.534947457572035,
    "APT": 2.468251052435822,
    "RNDR": 0,
    "ARB": 28.24262543005376,
    "SUI": 2.6418558478523764
  }
}
{
  "timestamp": "2025-05-15T08:57:10.352Z",
  "symbol": "AVAX/USDT",
  "type": "BUY",
  "amount": "0.000000",
  "price": "24.160000",
  "portfolio": {
    "USDT": 0.000004692812844060644,
    "BTC": 0.0015485623196502118,
    "ETH": 0.052556471063925414,
    "DOGE": 500.7720636438414,
    "SHIB": 6410232.383034162,
    "PEPE": 6077940.985894619,
    "WIF": 64.16888962201729,
    "FLOKI": 569093.9798380361,
    "BONK": 2290957.7361918343,
    "SOL": 0.24941541000125103,
    "AVAX": 1.51676367866072,
    "MATIC": 0,
    "XRP": 12.484119818722963,
    "ADA": 33.84150483052237,
    "DOT": 4.642056767564734,
    "LINK": 1.1574830198074708,
    "NEAR": 5.534947457572035,
    "APT": 2.468251052435822,
    "RNDR": 0,
    "ARB": 28.24262543005376,
    "SUI": 2.6418558478523764
  }
}
{
  "timestamp": "2025-05-15T08:57:12.050Z",
  "symbol": "XRP/USDT",
  "type": "BUY",
  "amount": "0.000000",
  "price": "2.499100",
  "portfolio": {
    "USDT": 0.000003988890917451547,
    "BTC": 0.0015485623196502118,
    "ETH": 0.052556471063925414,
    "DOGE": 500.7720636438414,
    "SHIB": 6410232.383034162,
    "PEPE": 6077940.985894619,
    "WIF": 64.16888962201729,
    "FLOKI": 569093.9798380361,
    "BONK": 2290957.7361918343,
    "SOL": 0.24941541000125103,
    "AVAX": 1.51676367866072,
    "MATIC": 0,
    "XRP": 12.484120100111465,
    "ADA": 33.84150483052237,
    "DOT": 4.642056767564734,
    "LINK": 1.1574830198074708,
    "NEAR": 5.534947457572035,
    "APT": 2.468251052435822,
    "RNDR": 0,
    "ARB": 28.24262543005376,
    "SUI": 2.6418558478523764
  }
}
{
  "timestamp": "2025-05-15T08:57:12.896Z",
  "symbol": "ADA/USDT",
  "type": "BUY",
  "amount": "0.000001",
  "price": "0.783000",
  "portfolio": {
    "USDT": 0.0000033905572798338153,
    "BTC": 0.0015485623196502118,
    "ETH": 0.052556471063925414,
    "DOGE": 500.7720636438414,
    "SHIB": 6410232.383034162,
    "PEPE": 6077940.985894619,
    "WIF": 64.16888962201729,
    "FLOKI": 569093.9798380361,
    "BONK": 2290957.7361918343,
    "SOL": 0.24941541000125103,
    "AVAX": 1.51676367866072,
    "MATIC": 0,
    "XRP": 12.484120100111465,
    "ADA": 33.84150559391356,
    "DOT": 4.642056767564734,
    "LINK": 1.1574830198074708,
    "NEAR": 5.534947457572035,
    "APT": 2.468251052435822,
    "RNDR": 0,
    "ARB": 28.24262543005376,
    "SUI": 2.6418558478523764
  }
}
{
  "timestamp": "2025-05-15T08:57:13.740Z",
  "symbol": "DOT/USDT",
  "type": "BUY",
  "amount": "0.000000",
  "price": "4.847000",
  "portfolio": {
    "USDT": 0.000002881973687858743,
    "BTC": 0.0015485623196502118,
    "ETH": 0.052556471063925414,
    "DOGE": 500.7720636438414,
    "SHIB": 6410232.383034162,
    "PEPE": 6077940.985894619,
    "WIF": 64.16888962201729,
    "FLOKI": 569093.9798380361,
    "BONK": 2290957.7361918343,
    "SOL": 0.24941541000125103,
    "AVAX": 1.51676367866072,
    "MATIC": 0,
    "XRP": 12.484120100111465,
    "ADA": 33.84150559391356,
    "DOT": 4.642056872387306,
    "LINK": 1.1574830198074708,
    "NEAR": 5.534947457572035,
    "APT": 2.468251052435822,
    "RNDR": 0,
    "ARB": 28.24262543005376,
    "SUI": 2.6418558478523764
  }
}
{
  "timestamp": "2025-05-15T08:57:14.597Z",
  "symbol": "LINK/USDT",
  "type": "BUY",
  "amount": "0.000000",
  "price": "16.530000",
  "portfolio": {
    "USDT": 0.0000024496776346799316,
    "BTC": 0.0015485623196502118,
    "ETH": 0.052556471063925414,
    "DOGE": 500.7720636438414,
    "SHIB": 6410232.383034162,
    "PEPE": 6077940.985894619,
    "WIF": 64.16888962201729,
    "FLOKI": 569093.9798380361,
    "BONK": 2290957.7361918343,
    "SOL": 0.24941541000125103,
    "AVAX": 1.51676367866072,
    "MATIC": 0,
    "XRP": 12.484120100111465,
    "ADA": 33.84150559391356,
    "DOT": 4.642056872387306,
    "LINK": 1.15748304593353,
    "NEAR": 5.534947457572035,
    "APT": 2.468251052435822,
    "RNDR": 0,
    "ARB": 28.24262543005376,
    "SUI": 2.6418558478523764
  }
}
{
  "timestamp": "2025-05-15T08:57:15.436Z",
  "symbol": "NEAR/USDT",
  "type": "BUY",
  "amount": "0.000000",
  "price": "2.941000",
  "portfolio": {
    "USDT": 0.000002082225989477942,
    "BTC": 0.0015485623196502118,
    "ETH": 0.052556471063925414,
    "DOGE": 500.7720636438414,
    "SHIB": 6410232.383034162,
    "PEPE": 6077940.985894619,
    "WIF": 64.16888962201729,
    "FLOKI": 569093.9798380361,
    "BONK": 2290957.7361918343,
    "SOL": 0.24941541000125103,
    "AVAX": 1.51676367866072,
    "MATIC": 0,
    "XRP": 12.484120100111465,
    "ADA": 33.84150559391356,
    "DOT": 4.642056872387306,
    "LINK": 1.15748304593353,
    "NEAR": 5.53494758238815,
    "APT": 2.468251052435822,
    "RNDR": 0,
    "ARB": 28.24262543005376,
    "SUI": 2.6418558478523764
  }
}
{
  "timestamp": "2025-05-15T08:57:16.300Z",
  "symbol": "APT/USDT",
  "type": "BUY",
  "amount": "0.000000",
  "price": "5.606000",
  "portfolio": {
    "USDT": 0.0000017698920910562508,
    "BTC": 0.0015485623196502118,
    "ETH": 0.052556471063925414,
    "DOGE": 500.7720636438414,
    "SHIB": 6410232.383034162,
    "PEPE": 6077940.985894619,
    "WIF": 64.16888962201729,
    "FLOKI": 569093.9798380361,
    "BONK": 2290957.7361918343,
    "SOL": 0.24941541000125103,
    "AVAX": 1.51676367866072,
    "MATIC": 0,
    "XRP": 12.484120100111465,
    "ADA": 33.84150559391356,
    "DOT": 4.642056872387306,
    "LINK": 1.15748304593353,
    "NEAR": 5.53494758238815,
    "APT": 2.468251108094324,
    "RNDR": 0,
    "ARB": 28.24262543005376,
    "SUI": 2.6418558478523764
  }
}
{
  "timestamp": "2025-05-15T08:57:17.994Z",
  "symbol": "ARB/USDT",
  "type": "BUY",
  "amount": "0.000001",
  "price": "0.416500",
  "portfolio": {
    "USDT": 0.0000015044082773978133,
    "BTC": 0.0015485623196502118,
    "ETH": 0.052556471063925414,
    "DOGE": 500.7720636438414,
    "SHIB": 6410232.383034162,
    "PEPE": 6077940.985894619,
    "WIF": 64.16888962201729,
    "FLOKI": 569093.9798380361,
    "BONK": 2290957.7361918343,
    "SOL": 0.24941541000125103,
    "AVAX": 1.51676367866072,
    "MATIC": 0,
    "XRP": 12.484120100111465,
    "ADA": 33.84150559391356,
    "DOT": 4.642056872387306,
    "LINK": 1.15748304593353,
    "NEAR": 5.53494758238815,
    "APT": 2.468251108094324,
    "RNDR": 0,
    "ARB": 28.242626066832464,
    "SUI": 2.6418558478523764
  }
}
{
  "timestamp": "2025-05-15T08:57:18.834Z",
  "symbol": "SUI/USDT",
  "type": "BUY",
  "amount": "0.000000",
  "price": "3.784400",
  "portfolio": {
    "USDT": 0.0000012787470357881413,
    "BTC": 0.0015485623196502118,
    "ETH": 0.052556471063925414,
    "DOGE": 500.7720636438414,
    "SHIB": 6410232.383034162,
    "PEPE": 6077940.985894619,
    "WIF": 64.16888962201729,
    "FLOKI": 569093.9798380361,
    "BONK": 2290957.7361918343,
    "SOL": 0.24941541000125103,
    "AVAX": 1.51676367866072,
    "MATIC": 0,
    "XRP": 12.484120100111465,
    "ADA": 33.84150559391356,
    "DOT": 4.642056872387306,
    "LINK": 1.15748304593353,
    "NEAR": 5.53494758238815,
    "APT": 2.468251108094324,
    "RNDR": 0,
    "ARB": 28.242626066832464,
    "SUI": 2.6418559074220784
  }
}
{
  "timestamp": "2025-05-15T08:57:32.720Z",
  "symbol": "BTC/USDT",
  "type": "BUY",
  "amount": "0.000000",
  "price": "102306.020000",
  "portfolio": {
    "USDT": 0.0000010869349804199201,
    "BTC": 0.0015485623215232222,
    "ETH": 0.052556471063925414,
    "DOGE": 500.7720636438414,
    "SHIB": 6410232.383034162,
    "PEPE": 6077940.985894619,
    "WIF": 64.16888962201729,
    "FLOKI": 569093.9798380361,
    "BONK": 2290957.7361918343,
    "SOL": 0.24941541000125103,
    "AVAX": 1.51676367866072,
    "MATIC": 0,
    "XRP": 12.484120100111465,
    "ADA": 33.84150559391356,
    "DOT": 4.642056872387306,
    "LINK": 1.15748304593353,
    "NEAR": 5.53494758238815,
    "APT": 2.468251108094324,
    "RNDR": 0,
    "ARB": 28.242626066832464,
    "SUI": 2.6418559074220784
  }
}
{
  "timestamp": "2025-05-15T08:57:33.547Z",
  "symbol": "ETH/USDT",
  "type": "BUY",
  "amount": "0.000000",
  "price": "2565.030000",
  "portfolio": {
    "USDT": 9.238947333569321e-7,
    "BTC": 0.0015485623215232222,
    "ETH": 0.05255647112742456,
    "DOGE": 500.7720636438414,
    "SHIB": 6410232.383034162,
    "PEPE": 6077940.985894619,
    "WIF": 64.16888962201729,
    "FLOKI": 569093.9798380361,
    "BONK": 2290957.7361918343,
    "SOL": 0.24941541000125103,
    "AVAX": 1.51676367866072,
    "MATIC": 0,
    "XRP": 12.484120100111465,
    "ADA": 33.84150559391356,
    "DOT": 4.642056872387306,
    "LINK": 1.15748304593353,
    "NEAR": 5.53494758238815,
    "APT": 2.468251108094324,
    "RNDR": 0,
    "ARB": 28.242626066832464,
    "SUI": 2.6418559074220784
  }
}
{
  "timestamp": "2025-05-15T08:57:34.410Z",
  "symbol": "DOGE/USDT",
  "type": "BUY",
  "amount": "0.000001",
  "price": "0.228770",
  "portfolio": {
    "USDT": 7.853105233533923e-7,
    "BTC": 0.0015485623215232222,
    "ETH": 0.05255647112742456,
    "DOGE": 500.7720642490153,
    "SHIB": 6410232.383034162,
    "PEPE": 6077940.985894619,
    "WIF": 64.16888962201729,
    "FLOKI": 569093.9798380361,
    "BONK": 2290957.7361918343,
    "SOL": 0.24941541000125103,
    "AVAX": 1.51676367866072,
    "MATIC": 0,
    "XRP": 12.484120100111465,
    "ADA": 33.84150559391356,
    "DOT": 4.642056872387306,
    "LINK": 1.15748304593353,
    "NEAR": 5.53494758238815,
    "APT": 2.468251108094324,
    "RNDR": 0,
    "ARB": 28.242626066832464,
    "SUI": 2.6418559074220784
  }
}
{
  "timestamp": "2025-05-15T08:57:35.255Z",
  "symbol": "SHIB/USDT",
  "type": "BUY",
  "amount": "0.007755",
  "price": "0.000015",
  "portfolio": {
    "USDT": 6.675139448503834e-7,
    "BTC": 0.0015485623215232222,
    "ETH": 0.05255647112742456,
    "DOGE": 500.7720642490153,
    "SHIB": 6410232.390781284,
    "PEPE": 6077940.985894619,
    "WIF": 64.16888962201729,
    "FLOKI": 569093.9798380361,
    "BONK": 2290957.7361918343,
    "SOL": 0.24941541000125103,
    "AVAX": 1.51676367866072,
    "MATIC": 0,
    "XRP": 12.484120100111465,
    "ADA": 33.84150559391356,
    "DOT": 4.642056872387306,
    "LINK": 1.15748304593353,
    "NEAR": 5.53494758238815,
    "APT": 2.468251108094324,
    "RNDR": 0,
    "ARB": 28.242626066832464,
    "SUI": 2.6418559074220784
  }
}
{
  "timestamp": "2025-05-15T08:57:36.105Z",
  "symbol": "PEPE/USDT",
  "type": "BUY",
  "amount": "0.007351",
  "price": "0.000014",
  "portfolio": {
    "USDT": 5.673868531228259e-7,
    "BTC": 0.0015485623215232222,
    "ETH": 0.05255647112742456,
    "DOGE": 500.7720642490153,
    "SHIB": 6410232.390781284,
    "PEPE": 6077940.993238742,
    "WIF": 64.16888962201729,
    "FLOKI": 569093.9798380361,
    "BONK": 2290957.7361918343,
    "SOL": 0.24941541000125103,
    "AVAX": 1.51676367866072,
    "MATIC": 0,
    "XRP": 12.484120100111465,
    "ADA": 33.84150559391356,
    "DOT": 4.642056872387306,
    "LINK": 1.15748304593353,
    "NEAR": 5.53494758238815,
    "APT": 2.468251108094324,
    "RNDR": 0,
    "ARB": 28.242626066832464,
    "SUI": 2.6418559074220784
  }
}
{
  "timestamp": "2025-05-15T08:57:36.954Z",
  "symbol": "WIF/USDT",
  "type": "BUY",
  "amount": "0.000000",
  "price": "1.093000",
